<?xml version="1.0" encoding="UTF-8"?>
<!DOCTYPE html PUBLIC "-//W3C//DTD XHTML 1.0 Transitional//EN"
    "http://www.w3.org/TR/xhtml1/DTD/xhtml1-transitional.dtd">
<html xmlns="http://www.w3.org/1999/xhtml" xml:lang="en" lang="en">
 <head>
  <title>
</title>
<meta http-equiv="Content-Type" content="text/html;charset=utf-8" />
  <meta name='ocr-system' content='tesseract 3.04.00' />
  <meta name='ocr-capabilities' content='ocr_page ocr_carea ocr_par ocr_line ocrx_word'/>
</head>
<body>
  <div class='ocr_page' id='page_1' title='image "./quaestionumsall00maurgoog_0016.png"; bbox 0 0 3296 5422; ppageno 0'>
   <div class='ocr_carea' id='block_1_1' title="bbox 648 479 864 541">
    <p class='ocr_par' dir='ltr' id='par_1_1' title="bbox 648 479 864 541">
     <span class='ocr_line' id='line_1_1' title="bbox 648 479 864 541; baseline 0.005 -1"><span class='ocrx_word' id='word_1_1' title='bbox 648 479 864 541; x_wconf 63' lang='lat'>—]]—:</span> 
     </span>
    </p>
   </div>
   <div class='ocr_carea' id='block_1_2' title="bbox 167 635 1345 3389">
    <p class='ocr_par' dir='ltr' id='par_1_2' title="bbox 167 635 1345 3068">
     <span class='ocr_line' id='line_1_2' title="bbox 168 635 1345 719; baseline 0.003 -21"><span class='ocrx_word' id='word_1_2' title='bbox 168 635 307 719; x_wconf 90' lang='lat' dir='ltr'>perrime</span> <span class='ocrx_word' id='word_1_3' title='bbox 333 635 505 700; x_wconf 73' lang='lat' dir='ltr'>&#39;contendit</span> <span class='ocrx_word' id='word_1_4' title='bbox 538 640 570 699; x_wconf 91' lang='lat' dir='ltr'>et</span> <span class='ocrx_word' id='word_1_5' title='bbox 600 636 682 700; x_wconf 82' lang='lat' dir='ltr'>Livii</span> <span class='ocrx_word' id='word_1_6' title='bbox 718 641 750 700; x_wconf 90' lang='lat' dir='ltr'>et</span> <span class='ocrx_word' id='word_1_7' title='bbox 780 636 900 701; x_wconf 91' lang='lat' dir='ltr'>Lucani</span> <span class='ocrx_word' id='word_1_8' title='bbox 930 638 1118 702; x_wconf 84' lang='lat' dir='ltr'>memoriam</span> <span class='ocrx_word' id='word_1_9' title='bbox 1148 638 1281 702; x_wconf 83' lang='lat' dir='ltr'>Florum</span> <span class='ocrx_word' id='word_1_10' title='bbox 1311 639 1345 703; x_wconf 93' lang='lat' dir='ltr'>in</span> 
     </span>
     <span class='ocr_line' id='line_1_3' title="bbox 169 741 1344 829; baseline 0.004 -24"><span class='ocrx_word' id='word_1_11' title='bbox 169 745 307 825; x_wconf 92' lang='lat' dir='ltr'>utroque</span> <span class='ocrx_word' id='word_1_12' title='bbox 340 742 445 826; x_wconf 90' lang='lat' dir='ltr'>operis</span> <span class='ocrx_word' id='word_1_13' title='bbox 477 741 560 806; x_wconf 95' lang='lat' dir='ltr'>libro</span> <span class='ocrx_word' id='word_1_14' title='bbox 593 743 687 807; x_wconf 92' lang='lat' dir='ltr'>unico</span> <span class='ocrx_word' id='word_1_15' title='bbox 720 743 803 807; x_wconf 87' lang='lat' dir='ltr'>fonti</span> <span class='ocrx_word' id='word_1_16' title='bbox 834 766 905 829; x_wconf 84' lang='lat' dir='ltr'>suc,</span> <span class='ocrx_word' id='word_1_17' title='bbox 933 743 1070 809; x_wconf 79' lang='lat' dir='ltr'>Senecae</span> <span class='ocrx_word' id='word_1_18' title='bbox 1100 745 1184 829; x_wconf 87' lang='lat' dir='ltr'>patri</span> <span class='ocrx_word' id='word_1_19' title='bbox 1215 745 1344 810; x_wconf 90' lang='lat' dir='ltr'>debere:</span> 
     </span>
     <span class='ocr_line' id='line_1_4' title="bbox 169 849 1345 934; baseline 0.004 -22"><span class='ocrx_word' id='word_1_20' title='bbox 169 849 335 913; x_wconf 73' lang='lat' dir='ltr'>contendit</span> <span class='ocrx_word' id='word_1_21' title='bbox 363 849 498 933; x_wconf 90' lang='lat' dir='ltr'>scilicet,</span> <span class='ocrx_word' id='word_1_22' title='bbox 527 871 630 934; x_wconf 90' lang='lat' dir='ltr'>neque</span> <span class='ocrx_word' id='word_1_23' title='bbox 658 873 733 914; x_wconf 89' lang='lat' dir='ltr'>vero</span> <span class='ocrx_word' id='word_1_24' title='bbox 761 851 940 916; x_wconf 71' lang='lat' dir='ltr'><strong>accuratius</strong></span> <span class='ocrx_word' id='word_1_25' title='bbox 969 852 1187 916; x_wconf 89' lang='lat' dir='ltr'>demonstrare</span> <span class='ocrx_word' id='word_1_26' title='bbox 1211 858 1345 917; x_wconf 89' lang='lat' dir='ltr'>conatus</span> 
     </span>
     <span class='ocr_line' id='line_1_5' title="bbox 169 955 1344 1042; baseline 0.003 -22"><span class='ocrx_word' id='word_1_27' title='bbox 169 961 226 1020; x_wconf 89' lang='lat' dir='ltr'>est.</span> <span class='ocrx_word' id='word_1_28' title='bbox 280 955 496 1021; x_wconf 78' lang='lat' dir='ltr'>Concedamus</span> <span class='ocrx_word' id='word_1_29' title='bbox 529 957 657 1041; x_wconf 90' lang='lat' dir='ltr'>quidem</span> <span class='ocrx_word' id='word_1_30' title='bbox 690 957 732 1042; x_wconf 88' lang='lat' dir='ltr'>ei,</span> <span class='ocrx_word' id='word_1_31' title='bbox 765 958 863 1022; x_wconf 89' lang='lat' dir='ltr'>etiam</span> <span class='ocrx_word' id='word_1_32' title='bbox 894 957 1031 1023; x_wconf 80' lang='lat' dir='ltr'>Senecae</span> <span class='ocrx_word' id='word_1_33' title='bbox 1063 959 1182 1024; x_wconf 92' lang='lat' dir='ltr'>librum</span> <span class='ocrx_word' id='word_1_34' title='bbox 1211 960 1344 1024; x_wconf 79' lang='lat' dir='ltr'>Florum</span> 
     </span>
     <span class='ocr_line' id='line_1_6' title="bbox 168 1063 1344 1150; baseline 0.003 -23"><span class='ocrx_word' id='word_1_35' title='bbox 168 1063 300 1149; x_wconf 78' lang='lat' dir='ltr'>legisse3</span> <span class='ocrx_word' id='word_1_36' title='bbox 328 1064 383 1128; x_wconf 90' lang='lat' dir='ltr'>sed</span> <span class='ocrx_word' id='word_1_37' title='bbox 407 1065 484 1148; x_wconf 91' lang='lat' dir='ltr'>quin</span> <span class='ocrx_word' id='word_1_38' title='bbox 508 1069 631 1130; x_wconf 92' lang='lat' dir='ltr'>ceteros</span> <span class='ocrx_word' id='word_1_39' title='bbox 654 1064 727 1129; x_wconf 91' lang='lat' dir='ltr'>illos</span> <span class='ocrx_word' id='word_1_40' title='bbox 751 1065 936 1150; x_wconf 78' lang='lat' dir='ltr'>scriptores,</span> <span class='ocrx_word' id='word_1_41' title='bbox 963 1066 1132 1150; x_wconf 91' lang='lat' dir='ltr'>praecipue</span> <span class='ocrx_word' id='word_1_42' title='bbox 1157 1065 1344 1131; x_wconf 85' lang='lat' dir='ltr'>Sallustium</span> 
     </span>
     <span class='ocr_line' id='line_1_7' title="bbox 169 1171 1344 1256; baseline 0.002 -22"><span class='ocrx_word' id='word_1_43' title='bbox 169 1171 286 1256; x_wconf 85' lang='lat' dir='ltr'>legerit</span> <span class='ocrx_word' id='word_1_44' title='bbox 305 1176 401 1254; x_wconf 90' lang='lat' dir='ltr'>atque</span> <span class='ocrx_word' id='word_1_45' title='bbox 420 1171 591 1256; x_wconf 87' lang='lat' dir='ltr'>usurparit,</span> <span class='ocrx_word' id='word_1_46' title='bbox 613 1171 726 1255; x_wconf 90' lang='lat' dir='ltr'>procul</span> <span class='ocrx_word' id='word_1_47' title='bbox 745 1171 842 1235; x_wconf 94' lang='lat' dir='ltr'>dubio</span> <span class='ocrx_word' id='word_1_48' title='bbox 862 1176 919 1235; x_wconf 90' lang='lat' dir='ltr'>est.</span> <span class='ocrx_word' id='word_1_49' title='bbox 939 1210 980 1218; x_wconf 91' lang='lat'>—</span> <span class='ocrx_word' id='word_1_50' title='bbox 1000 1171 1143 1237; x_wconf 87' lang='lat' dir='ltr'>Libellus</span> <span class='ocrx_word' id='word_1_51' title='bbox 1167 1173 1225 1238; x_wconf 90' lang='lat' dir='ltr'>‘de</span> <span class='ocrx_word' id='word_1_52' title='bbox 1249 1173 1344 1237; x_wconf 87' lang='lat' dir='ltr'>viris</span> 
     </span>
     <span class='ocr_line' id='line_1_8' title="bbox 169 1276 1343 1366; baseline 0.003 -26"><span class='ocrx_word' id='word_1_53' title='bbox 169 1276 419 1362; x_wconf 89' lang='lat' dir='ltr'>illustribus’,</span> <span class='ocrx_word' id='word_1_54' title='bbox 438 1279 493 1362; x_wconf 91' lang='lat' dir='ltr'>qui</span> <span class='ocrx_word' id='word_1_55' title='bbox 512 1277 644 1342; x_wconf 89' lang='lat' dir='ltr'>Aurelio</span> <span class='ocrx_word' id='word_1_56' title='bbox 659 1277 784 1342; x_wconf 89' lang='lat' dir='ltr'>Victori</span> <span class='ocrx_word' id='word_1_57' title='bbox 803 1277 884 1342; x_wconf 88' lang='lat' dir='ltr'>falso</span> <span class='ocrx_word' id='word_1_58' title='bbox 904 1277 1150 1364; x_wconf 74' lang='lat' dir='ltr'>attribuebatur,</span> <span class='ocrx_word' id='word_1_59' title='bbox 1168 1277 1343 1366; x_wconf 81' lang='lat' dir='ltr'>Kiihlero¹)</span> 
     </span>
     <span class='ocr_line' id='line_1_9' title="bbox 169 1384 1342 1469; baseline 0.003 -21"><span class='ocrx_word' id='word_1_60' title='bbox 169 1384 306 1448; x_wconf 83' lang='lat' dir='ltr'>maxime</span> <span class='ocrx_word' id='word_1_61' title='bbox 344 1407 361 1448; x_wconf 91' lang='lat' dir='ltr'>e</span> <span class='ocrx_word' id='word_1_62' title='bbox 389 1384 481 1449; x_wconf 85' lang='lat' dir='ltr'>Livio</span> <span class='ocrx_word' id='word_1_63' title='bbox 524 1389 691 1468; x_wconf 86' lang='lat' dir='ltr'>excerptus</span> <span class='ocrx_word' id='word_1_64' title='bbox 724 1407 806 1469; x_wconf 90' lang='lat' dir='ltr'>esse,</span> <span class='ocrx_word' id='word_1_65' title='bbox 846 1384 901 1449; x_wconf 91' lang='lat' dir='ltr'>sed</span> <span class='ocrx_word' id='word_1_66' title='bbox 937 1385 1009 1449; x_wconf 89' lang='lat' dir='ltr'>aliis</span> <span class='ocrx_word' id='word_1_67' title='bbox 1046 1385 1200 1450; x_wconf 88' lang='lat' dir='ltr'>adhibitis</span> <span class='ocrx_word' id='word_1_68' title='bbox 1237 1391 1342 1451; x_wconf 91' lang='lat' dir='ltr'>aucto·</span> 
     </span>
     <span class='ocr_line' id='line_1_10' title="bbox 170 1490 1343 1576; baseline 0.002 -22"><span class='ocrx_word' id='word_1_69' title='bbox 170 1491 261 1555; x_wconf 92' lang='lat' dir='ltr'>ribus</span> <span class='ocrx_word' id='word_1_70' title='bbox 289 1491 376 1555; x_wconf 88' lang='lat' dir='ltr'>visus</span> <span class='ocrx_word' id='word_1_71' title='bbox 404 1494 460 1555; x_wconf 91' lang='lat' dir='ltr'>est.</span> <span class='ocrx_word' id='word_1_72' title='bbox 511 1491 629 1554; x_wconf 83' lang='lat' dir='ltr'>Postea</span> <span class='ocrx_word' id='word_1_73' title='bbox 658 1490 698 1553; x_wconf 91' lang='lat' dir='ltr'>ad</span> <span class='ocrx_word' id='word_1_74' title='bbox 728 1491 891 1554; x_wconf 90' lang='lat' dir='ltr'>annalium</span> <span class='ocrx_word' id='word_1_75' title='bbox 921 1492 1093 1576; x_wconf 75' lang='lat' dir='ltr'>scriptores</span> <span class='ocrx_word' id='word_1_76' title='bbox 1121 1492 1212 1556; x_wconf 93' lang='lat' dir='ltr'>illum</span> <span class='ocrx_word' id='word_1_77' title='bbox 1240 1493 1343 1557; x_wconf 87' lang='lat' dir='ltr'>redire</span> 
     </span>
     <span class='ocr_line' id='line_1_11' title="bbox 170 1596 1343 1685; baseline 0.003 -24"><span class='ocrx_word' id='word_1_78' title='bbox 170 1598 408 1682; x_wconf 83' lang='lat' dir='ltr'>existimarunt,</span> <span class='ocrx_word' id='word_1_79' title='bbox 446 1602 690 1682; x_wconf 90' lang='lat' dir='ltr'>statueruntque</span> <span class='ocrx_word' id='word_1_80' title='bbox 725 1596 937 1685; x_wconf 73' lang='lat' dir='ltr'>Mommsen2)</span> <span class='ocrx_word' id='word_1_81' title='bbox 973 1598 1139 1664; x_wconf 88' lang='lat' dir='ltr'>Valerium</span> <span class='ocrx_word' id='word_1_82' title='bbox 1168 1598 1343 1684; x_wconf 84' lang='lat' dir='ltr'>Antiatem,</span> 
     </span>
     <span class='ocr_line' id='line_1_12' title="bbox 170 1702 1343 1790; baseline 0.001 -21"><span class='ocrx_word' id='word_1_83' title='bbox 170 1703 377 1789; x_wconf 79' lang='lat' dir='ltr'>Calpurnium</span> <span class='ocrx_word' id='word_1_84' title='bbox 398 1704 561 1768; x_wconf 90' lang='lat' dir='ltr'>Pisonem</span> <span class='ocrx_word' id='word_1_85' title='bbox 596 1702 844 1790; x_wconf 78' lang='lat' dir='ltr'>Aldenhoven.³)</span> <span class='ocrx_word' id='word_1_86' title='bbox 899 1704 961 1770; x_wconf 89' lang='lat' dir='ltr'>Sed</span> <span class='ocrx_word' id='word_1_87' title='bbox 995 1705 1113 1770; x_wconf 91' lang='lat' dir='ltr'>rectius</span> <span class='ocrx_word' id='word_1_88' title='bbox 1149 1706 1214 1769; x_wconf 90' lang='lat' dir='ltr'>iam</span> <span class='ocrx_word' id='word_1_89' title='bbox 1249 1711 1343 1770; x_wconf 89' lang='lat' dir='ltr'>antea</span> 
     </span>
     <span class='ocr_line' id='line_1_13' title="bbox 169 1811 1342 1897; baseline 0.003 -23"><span class='ocrx_word' id='word_1_90' title='bbox 169 1811 414 1897; x_wconf 84' lang='lat' dir='ltr'>biographicum</span> <span class='ocrx_word' id='word_1_91' title='bbox 445 1811 554 1895; x_wconf 81' lang='lat' dir='ltr'>potius</span> <span class='ocrx_word' id='word_1_92' title='bbox 584 1811 773 1895; x_wconf 87' lang='lat' dir='ltr'>scriptorem</span> <span class='ocrx_word' id='word_1_93' title='bbox 805 1834 878 1876; x_wconf 92' lang='lat' dir='ltr'>cum</span> <span class='ocrx_word' id='word_1_94' title='bbox 909 1813 1048 1877; x_wconf 90' lang='lat' dir='ltr'>auctoris</span> <span class='ocrx_word' id='word_1_95' title='bbox 1082 1812 1136 1876; x_wconf 79' lang='lat' dir='ltr'>‘de</span> <span class='ocrx_word' id='word_1_96' title='bbox 1164 1813 1242 1877; x_wconf 86' lang='lat' dir='ltr'>viris</span> <span class='ocrx_word' id='word_1_97' title='bbox 1272 1813 1342 1877; x_wconf 93' lang='lat' dir='ltr'>illu-</span> 
     </span>
     <span class='ocr_line' id='line_1_14' title="bbox 170 1916 1342 2002; baseline 0.002 -20"><span class='ocrx_word' id='word_1_98' title='bbox 170 1918 307 1982; x_wconf 89' lang='lat' dir='ltr'>stribus&#39;</span> <span class='ocrx_word' id='word_1_99' title='bbox 331 1922 402 1981; x_wconf 91' lang='lat' dir='ltr'>tum</span> <span class='ocrx_word' id='word_1_100' title='bbox 420 1916 587 2002; x_wconf 83' lang='lat' dir='ltr'>Ampelii</span> <span class='ocrx_word' id='word_1_101' title='bbox 611 1917 686 1981; x_wconf 89' lang='lat' dir='ltr'>libri</span> <span class='ocrx_word' id='word_1_102' title='bbox 710 1917 905 1982; x_wconf 90' lang='lat' dir='ltr'>memorialis</span> <span class='ocrx_word' id='word_1_103' title='bbox 928 1919 1051 1982; x_wconf 87' lang='lat' dir='ltr'>fontem</span> <span class='ocrx_word' id='word_1_104' title='bbox 1075 1941 1144 1983; x_wconf 87' lang='lat' dir='ltr'>esse</span> <span class='ocrx_word' id='word_1_105' title='bbox 1167 1919 1342 1984; x_wconf 88' lang='lat' dir='ltr'>arbitratus</span> 
     </span>
     <span class='ocr_line' id='line_1_15' title="bbox 168 2022 1343 2111; baseline 0.001 -22"><span class='ocrx_word' id='word_1_106' title='bbox 168 2022 355 2111; x_wconf 81' lang='lat' dir='ltr'>Wolfflin⁴)</span> <span class='ocrx_word' id='word_1_107' title='bbox 387 2024 554 2110; x_wconf 88' lang='lat' dir='ltr'>Hyginum</span> <span class='ocrx_word' id='word_1_108' title='bbox 585 2024 820 2109; x_wconf 88' lang='lat' dir='ltr'>nominaverat,</span> <span class='ocrx_word' id='word_1_109' title='bbox 857 2025 947 2090; x_wconf 89' lang='lat' dir='ltr'>cuius</span> <span class='ocrx_word' id='word_1_110' title='bbox 979 2026 1046 2089; x_wconf 86' lang='lat' dir='ltr'>fere</span> <span class='ocrx_word' id='word_1_111' title='bbox 1078 2026 1118 2090; x_wconf 91' lang='lat' dir='ltr'>ad</span> <span class='ocrx_word' id='word_1_112' title='bbox 1150 2027 1343 2090; x_wconf 88' lang='lat' dir='ltr'>sententiam</span> 
     </span>
     <span class='ocr_line' id='line_1_16' title="bbox 168 2128 1342 2216; baseline 0.001 -21"><span class='ocrx_word' id='word_1_113' title='bbox 168 2154 335 2195; x_wconf 86' lang='lat' dir='ltr'>recurrens</span> <span class='ocrx_word' id='word_1_114' title='bbox 362 2128 575 2216; x_wconf 66' lang='lat' dir='ltr'>Mammam)</span> <span class='ocrx_word' id='word_1_115' title='bbox 604 2129 787 2195; x_wconf 78' lang='lat' dir='ltr'>Cornelium</span> <span class='ocrx_word' id='word_1_116' title='bbox 810 2131 971 2215; x_wconf 88' lang='lat' dir='ltr'>Nepotem</span> <span class='ocrx_word' id='word_1_117' title='bbox 1000 2132 1162 2216; x_wconf 89' lang='lat' dir='ltr'>praetulit.</span> <span class='ocrx_word' id='word_1_118' title='bbox 1209 2132 1342 2196; x_wconf 83' lang='lat' dir='ltr'>Difficil-</span> 
     </span>
     <span class='ocr_line' id='line_1_17' title="bbox 167 2237 1340 2324; baseline 0 -22"><span class='ocrx_word' id='word_1_119' title='bbox 167 2239 279 2302; x_wconf 92' lang='lat' dir='ltr'>limam</span> <span class='ocrx_word' id='word_1_120' title='bbox 302 2239 384 2302; x_wconf 91' lang='lat' dir='ltr'>hanc</span> <span class='ocrx_word' id='word_1_121' title='bbox 408 2238 628 2322; x_wconf 91' lang='lat' dir='ltr'>quaestionem</span> <span class='ocrx_word' id='word_1_122' title='bbox 652 2239 732 2302; x_wconf 91' lang='lat' dir='ltr'>bene</span> <span class='ocrx_word' id='word_1_123' title='bbox 752 2237 853 2302; x_wconf 78' lang='lat' dir='ltr'>&#39;solvit</span> <span class='ocrx_word' id='word_1_124' title='bbox 876 2238 915 2302; x_wconf 92' lang='lat' dir='ltr'>H.</span> <span class='ocrx_word' id='word_1_125' title='bbox 935 2237 1093 2324; x_wconf 74' lang='lat' dir='ltr'>Haupt‘²),</span> <span class='ocrx_word' id='word_1_126' title='bbox 1123 2239 1178 2322; x_wconf 93' lang='lat' dir='ltr'>qui</span> <span class='ocrx_word' id='word_1_127' title='bbox 1201 2239 1340 2302; x_wconf 82' lang='lat' dir='ltr'>vitarum</span> 
     </span>
     <span class='ocr_line' id='line_1_18' title="bbox 167 2343 1341 2430; baseline 0 -21"><span class='ocrx_word' id='word_1_128' title='bbox 167 2346 357 2430; x_wconf 89' lang='lat' dir='ltr'>scriptorem</span> <span class='ocrx_word' id='word_1_129' title='bbox 384 2345 508 2408; x_wconf 87' lang='lat' dir='ltr'>fontem</span> <span class='ocrx_word' id='word_1_130' title='bbox 538 2344 744 2408; x_wconf 90' lang='lat' dir='ltr'>statuendum</span> <span class='ocrx_word' id='word_1_131' title='bbox 774 2367 843 2408; x_wconf 90' lang='lat' dir='ltr'>esse</span> <span class='ocrx_word' id='word_1_132' title='bbox 870 2343 1020 2428; x_wconf 88' lang='lat' dir='ltr'>Ampelio</span> <span class='ocrx_word' id='word_1_133' title='bbox 1051 2349 1084 2408; x_wconf 91' lang='lat' dir='ltr'>et</span> <span class='ocrx_word' id='word_1_134' title='bbox 1113 2345 1188 2408; x_wconf 93' lang='lat' dir='ltr'>huic</span> <span class='ocrx_word' id='word_1_135' title='bbox 1218 2346 1341 2409; x_wconf 90' lang='lat' dir='ltr'>auctori</span> 
     </span>
     <span class='ocr_line' id='line_1_19' title="bbox 168 2450 1343 2536; baseline -0.002 -20"><span class='ocrx_word' id='word_1_136' title='bbox 168 2474 383 2535; x_wconf 88' lang='lat' dir='ltr'>communem,</span> <span class='ocrx_word' id='word_1_137' title='bbox 408 2474 480 2514; x_wconf 91' lang='lat' dir='ltr'>eum</span> <span class='ocrx_word' id='word_1_138' title='bbox 504 2455 611 2514; x_wconf 90' lang='lat' dir='ltr'>autem</span> <span class='ocrx_word' id='word_1_139' title='bbox 636 2473 703 2514; x_wconf 89' lang='lat' dir='ltr'>esse</span> <span class='ocrx_word' id='word_1_140' title='bbox 724 2450 907 2515; x_wconf 78' lang='lat' dir='ltr'>Cornelium</span> <span class='ocrx_word' id='word_1_141' title='bbox 924 2451 1099 2536; x_wconf 90' lang='lat' dir='ltr'>Nepotem,</span> <span class='ocrx_word' id='word_1_142' title='bbox 1122 2456 1287 2534; x_wconf 91' lang='lat' dir='ltr'>praeterea</span> <span class='ocrx_word' id='word_1_143' title='bbox 1310 2456 1343 2514; x_wconf 91' lang='lat' dir='ltr'>et</span> 
     </span>
     <span class='ocr_line' id='line_1_20' title="bbox 167 2556 1341 2643; baseline -0.001 -21"><span class='ocrx_word' id='word_1_144' title='bbox 167 2559 270 2622; x_wconf 91' lang='lat' dir='ltr'>multa</span> <span class='ocrx_word' id='word_1_145' title='bbox 302 2558 430 2643; x_wconf 82' lang='lat' dir='ltr'>singula</span> <span class='ocrx_word' id='word_1_146' title='bbox 467 2561 499 2620; x_wconf 93' lang='lat' dir='ltr'>et</span> <span class='ocrx_word' id='word_1_147' title='bbox 533 2557 713 2640; x_wconf 89' lang='lat' dir='ltr'>complures</span> <span class='ocrx_word' id='word_1_148' title='bbox 745 2557 828 2620; x_wconf 88' lang='lat' dir='ltr'>vitas</span> <span class='ocrx_word' id='word_1_149' title='bbox 865 2579 882 2620; x_wconf 93' lang='lat' dir='ltr'>e</span> <span class='ocrx_word' id='word_1_150' title='bbox 913 2557 1005 2620; x_wconf 91' lang='lat' dir='ltr'>Livio</span> <span class='ocrx_word' id='word_1_151' title='bbox 1043 2556 1194 2643; x_wconf 82' lang='lat' dir='ltr'>(fortasse</span> <span class='ocrx_word' id='word_1_152' title='bbox 1227 2557 1341 2621; x_wconf 89' lang='lat' dir='ltr'>melius</span> 
     </span>
     <span class='ocr_line' id='line_1_21' title="bbox 167 2661 1338 2749; baseline 0 -21"><span class='ocrx_word' id='word_1_153' title='bbox 167 2665 330 2749; x_wconf 90' lang='lat' dir='ltr'>epitomen</span> <span class='ocrx_word' id='word_1_154' title='bbox 359 2664 447 2728; x_wconf 91' lang='lat' dir='ltr'>illam</span> <span class='ocrx_word' id='word_1_155' title='bbox 477 2663 642 2727; x_wconf 86' lang='lat' dir='ltr'>Livianam</span> <span class='ocrx_word' id='word_1_156' title='bbox 671 2661 868 2748; x_wconf 84' lang='lat' dir='ltr'>nominaret)</span> <span class='ocrx_word' id='word_1_157' title='bbox 898 2668 1026 2747; x_wconf 90' lang='lat' dir='ltr'>sumpta</span> <span class='ocrx_word' id='word_1_158' title='bbox 1057 2685 1124 2727; x_wconf 92' lang='lat' dir='ltr'>esse</span> <span class='ocrx_word' id='word_1_159' title='bbox 1155 2663 1338 2728; x_wconf 90' lang='lat' dir='ltr'>acutissime</span> 
     </span>
     <span class='ocr_line' id='line_1_22' title="bbox 168 2769 1341 2854; baseline -0.001 -19"><span class='ocrx_word' id='word_1_160' title='bbox 168 2771 317 2836; x_wconf 90' lang='lat' dir='ltr'>ostendit.</span> <span class='ocrx_word' id='word_1_161' title='bbox 363 2772 434 2835; x_wconf 91' lang='lat' dir='ltr'>Hoc</span> <span class='ocrx_word' id='word_1_162' title='bbox 457 2793 556 2834; x_wconf 91' lang='lat' dir='ltr'>unum</span> <span class='ocrx_word' id='word_1_163' title='bbox 580 2774 691 2834; x_wconf 90' lang='lat' dir='ltr'>contra</span> <span class='ocrx_word' id='word_1_164' title='bbox 714 2770 893 2853; x_wconf 89' lang='lat' dir='ltr'>Hauptium</span> <span class='ocrx_word' id='word_1_165' title='bbox 919 2769 1087 2833; x_wconf 88' lang='lat' dir='ltr'>defendam</span> <span class='ocrx_word' id='word_1_166' title='bbox 1110 2770 1242 2834; x_wconf 85' lang='lat' dir='ltr'>Florum</span> <span class='ocrx_word' id='word_1_167' title='bbox 1265 2793 1341 2854; x_wconf 91' lang='lat' dir='ltr'>quo-</span> 
     </span>
     <span class='ocr_line' id='line_1_23' title="bbox 168 2875 1340 2962; baseline -0.002 -20"><span class='ocrx_word' id='word_1_168' title='bbox 168 2901 229 2962; x_wconf 90' lang='lat' dir='ltr'>que</span> <span class='ocrx_word' id='word_1_169' title='bbox 260 2901 411 2962; x_wconf 90' lang='lat' dir='ltr'>persaepe</span> <span class='ocrx_word' id='word_1_170' title='bbox 440 2882 472 2941; x_wconf 91' lang='lat' dir='ltr'>et</span> <span class='ocrx_word' id='word_1_171' title='bbox 502 2878 543 2940; x_wconf 93' lang='lat' dir='ltr'>ab</span> <span class='ocrx_word' id='word_1_172' title='bbox 566 2875 715 2960; x_wconf 89' lang='lat' dir='ltr'>Ampelio</span> <span class='ocrx_word' id='word_1_173' title='bbox 747 2881 780 2940; x_wconf 91' lang='lat' dir='ltr'>et</span> <span class='ocrx_word' id='word_1_174' title='bbox 810 2877 850 2940; x_wconf 89' lang='lat' dir='ltr'>ab</span> <span class='ocrx_word' id='word_1_175' title='bbox 874 2875 1154 2942; x_wconf 89' lang='lat' dir='ltr'>Pseudo-Aurelio</span> <span class='ocrx_word' id='word_1_176' title='bbox 1187 2877 1221 2940; x_wconf 93' lang='lat' dir='ltr'>in</span> <span class='ocrx_word' id='word_1_177' title='bbox 1253 2899 1340 2940; x_wconf 87' lang='lat' dir='ltr'>exor-</span> 
     </span>
     <span class='ocr_line' id='line_1_24' title="bbox 167 2981 740 3068; baseline -0.003 -20"><span class='ocrx_word' id='word_1_178' title='bbox 167 2985 283 3049; x_wconf 89' lang='lat' dir='ltr'>nandis</span> <span class='ocrx_word' id='word_1_179' title='bbox 306 2986 403 3048; x_wconf 90' lang='lat' dir='ltr'>rebus</span> <span class='ocrx_word' id='word_1_180' title='bbox 427 2983 608 3048; x_wconf 91' lang='lat' dir='ltr'>adhibitum</span> <span class='ocrx_word' id='word_1_181' title='bbox 632 2981 740 3068; x_wconf 65' lang='lat' dir='ltr'>essel)</span> 
     </span>
    </p>

    <p class='ocr_par' dir='ltr' id='par_1_3' title="bbox 167 3090 1341 3389">
     <span class='ocr_line' id='line_1_25' title="bbox 256 3090 1341 3174; baseline -0.001 -19"><span class='ocrx_word' id='word_1_182' title='bbox 256 3091 447 3155; x_wconf 89' lang='lat' dir='ltr'>Velleiuin</span> <span class='ocrx_word' id='word_1_183' title='bbox 466 3090 712 3154; x_wconf 90' lang='lat' dir='ltr'>Paterculum</span> <span class='ocrx_word' id='word_1_184' title='bbox 730 3113 796 3154; x_wconf 92' lang='lat' dir='ltr'>non</span> <span class='ocrx_word' id='word_1_185' title='bbox 814 3091 854 3154; x_wconf 89' lang='lat' dir='ltr'>ad</span> <span class='ocrx_word' id='word_1_186' title='bbox 877 3091 965 3174; x_wconf 90' lang='lat' dir='ltr'>ipsos</span> <span class='ocrx_word' id='word_1_187' title='bbox 988 3090 1151 3155; x_wconf 90' lang='lat' dir='ltr'>annalium</span> <span class='ocrx_word' id='word_1_188' title='bbox 1170 3090 1341 3174; x_wconf 78' lang='lat' dir='ltr'>scriptores</span> 
     </span>
     <span class='ocr_line' id='line_1_26' title="bbox 167 3196 1340 3281; baseline 0.001 -21"><span class='ocrx_word' id='word_1_189' title='bbox 167 3196 339 3260; x_wconf 87' lang='lat' dir='ltr'>recurrisse</span> <span class='ocrx_word' id='word_1_190' title='bbox 363 3219 421 3280; x_wconf 93' lang='lat' dir='ltr'>per</span> <span class='ocrx_word' id='word_1_191' title='bbox 440 3219 473 3261; x_wconf 91' lang='lat' dir='ltr'>se</span> <span class='ocrx_word' id='word_1_192' title='bbox 492 3200 590 3281; x_wconf 90' lang='lat' dir='ltr'>patet.</span> <span class='ocrx_word' id='word_1_193' title='bbox 627 3196 728 3260; x_wconf 92' lang='lat' dir='ltr'>Primi</span> <span class='ocrx_word' id='word_1_194' title='bbox 747 3201 855 3261; x_wconf 92' lang='lat' dir='ltr'>autem</span> <span class='ocrx_word' id='word_1_195' title='bbox 874 3197 948 3260; x_wconf 90' lang='lat' dir='ltr'>libri</span> <span class='ocrx_word' id='word_1_196' title='bbox 969 3220 1035 3281; x_wconf 91' lang='lat' dir='ltr'>cap.</span> <span class='ocrx_word' id='word_1_197' title='bbox 1056 3199 1139 3262; x_wconf 89' lang='grc'>1-9</span> <span class='ocrx_word' id='word_1_198' title='bbox 1164 3220 1180 3260; x_wconf 85' lang='grc'><strong>0</strong></span> <span class='ocrx_word' id='word_1_199' title='bbox 1201 3196 1340 3261; x_wconf 84' lang='lat' dir='ltr'>Cornelii</span> 
     </span>
     <span class='ocr_line' id='line_1_27' title="bbox 167 3301 1341 3389; baseline 0.001 -22"><span class='ocrx_word' id='word_1_200' title='bbox 167 3302 304 3386; x_wconf 91' lang='lat' dir='ltr'>Nepotis</span> <span class='ocrx_word' id='word_1_201' title='bbox 319 3303 478 3368; x_wconf 89' lang='lat' dir='ltr'>chronicis</span> <span class='ocrx_word' id='word_1_202' title='bbox 496 3303 626 3368; x_wconf 84' lang='lat' dir='ltr'>fluxisse</span> <span class='ocrx_word' id='word_1_203' title='bbox 641 3301 850 3389; x_wconf 79' lang='lat' dir='ltr'>Sauppium⁸)</span> <span class='ocrx_word' id='word_1_204' title='bbox 870 3303 970 3368; x_wconf 88' lang='lat' dir='ltr'>secuti</span> <span class='ocrx_word' id='word_1_205' title='bbox 990 3325 1100 3368; x_wconf 90' lang='lat' dir='ltr'>omnes</span> <span class='ocrx_word' id='word_1_206' title='bbox 1121 3302 1341 3389; x_wconf 80' lang='lat' dir='ltr'>consentiunt3</span> 
     </span>
    </p>
   </div>
   <div class='ocr_carea' id='block_1_3' title="bbox 168 3531 1341 4666">
    <p class='ocr_par' dir='ltr' id='par_1_4' title="bbox 260 3531 439 3600">
     <span class='ocr_line' id='line_1_28' title="bbox 260 3531 439 3600; baseline 0.011 -16"><span class='ocrx_word' id='word_1_207' title='bbox 260 3531 439 3600; x_wconf 58' lang='lat' dir='ltr'>Dsspst</span> 
     </span>
    </p>

    <p class='ocr_par' dir='ltr' id='par_1_5' title="bbox 258 3619 573 3690">
     <span class='ocr_line' id='line_1_29' title="bbox 258 3619 573 3690; baseline -0.003 -15"><span class='ocrx_word' id='word_1_208' title='bbox 258 3623 286 3690; x_wconf 80' lang='lat'>2)</span> <span class='ocrx_word' id='word_1_209' title='bbox 305 3620 422 3674; x_wconf 89' lang='lat' dir='ltr'>Hermes</span> <span class='ocrx_word' id='word_1_210' title='bbox 440 3619 452 3672; x_wconf 95' lang='grc'>1</span> <span class='ocrx_word' id='word_1_211' title='bbox 471 3637 498 3688; x_wconf 91' lang='lat' dir='ltr'>p.</span> <span class='ocrx_word' id='word_1_212' title='bbox 516 3625 573 3674; x_wconf 87' lang='grc'><strong>168.</strong></span> 
     </span>
    </p>

    <p class='ocr_par' dir='ltr' id='par_1_6' title="bbox 258 3706 565 3776">
     <span class='ocr_line' id='line_1_30' title="bbox 258 3706 565 3776; baseline -0.003 -14"><span class='ocrx_word' id='word_1_213' title='bbox 258 3711 285 3776; x_wconf 86' lang='grc'>3)</span> <span class='ocrx_word' id='word_1_214' title='bbox 303 3708 398 3762; x_wconf 87' lang='lat' dir='ltr'>Herm.</span> <span class='ocrx_word' id='word_1_215' title='bbox 417 3706 443 3760; x_wconf 87' lang='lat' dir='ltr'>V</span> <span class='ocrx_word' id='word_1_216' title='bbox 461 3725 488 3775; x_wconf 92' lang='lat' dir='ltr'>p.</span> <span class='ocrx_word' id='word_1_217' title='bbox 505 3713 565 3761; x_wconf 80' lang='lat'>150.</span> 
     </span>
    </p>

    <p class='ocr_par' dir='ltr' id='par_1_7' title="bbox 257 3795 1323 3867">
     <span class='ocr_line' id='line_1_31' title="bbox 257 3795 1323 3867; baseline 0.003 -17"><span class='ocrx_word' id='word_1_218' title='bbox 257 3801 285 3867; x_wconf 82' lang='lat'>4)</span> <span class='ocrx_word' id='word_1_219' title='bbox 305 3797 367 3865; x_wconf 89' lang='lat' dir='ltr'>„De</span> <span class='ocrx_word' id='word_1_220' title='bbox 386 3795 467 3850; x_wconf 88' lang='lat' dir='ltr'>Lucii</span> <span class='ocrx_word' id='word_1_221' title='bbox 480 3795 605 3864; x_wconf 87' lang='lat' dir='ltr'>Ampelii</span> <span class='ocrx_word' id='word_1_222' title='bbox 623 3796 695 3850; x_wconf 93' lang='lat' dir='ltr'>libro</span> <span class='ocrx_word' id='word_1_223' title='bbox 715 3795 893 3850; x_wconf 89' lang='lat' dir='ltr'>memoriali“</span> <span class='ocrx_word' id='word_1_224' title='bbox 913 3796 991 3866; x_wconf 88' lang='lat' dir='ltr'>(diss.</span> <span class='ocrx_word' id='word_1_225' title='bbox 1002 3796 1130 3867; x_wconf 83' lang='lat' dir='ltr'>Gotting.</span> <span class='ocrx_word' id='word_1_226' title='bbox 1143 3803 1222 3863; x_wconf 79' lang='grc'><strong>1814)</strong></span> <span class='ocrx_word' id='word_1_227' title='bbox 1240 3817 1268 3867; x_wconf 91' lang='lat' dir='ltr'>p.</span> <span class='ocrx_word' id='word_1_228' title='bbox 1279 3803 1323 3854; x_wconf 86' lang='lat'>40.</span> 
     </span>
    </p>

    <p class='ocr_par' dir='ltr' id='par_1_8' title="bbox 259 3885 1340 3955">
     <span class='ocr_line' id='line_1_32' title="bbox 259 3885 1340 3955; baseline 0.002 -15"><span class='ocrx_word' id='word_1_229' title='bbox 259 3893 286 3950; x_wconf 81' lang='lat'>5)</span> <span class='ocrx_word' id='word_1_230' title='bbox 305 3885 436 3955; x_wconf 80' lang='lat' dir='ltr'>Epistula</span> <span class='ocrx_word' id='word_1_231' title='bbox 454 3886 577 3954; x_wconf 83' lang='lat' dir='ltr'>quadam</span> <span class='ocrx_word' id='word_1_232' title='bbox 596 3885 633 3940; x_wconf 87' lang='lat' dir='ltr'>ad</span> <span class='ocrx_word' id='word_1_233' title='bbox 651 3885 685 3939; x_wconf 90' lang='lat' dir='ltr'>H.</span> <span class='ocrx_word' id='word_1_234' title='bbox 704 3886 858 3939; x_wconf 84' lang='lat' dir='ltr'>Jordanum</span> <span class='ocrx_word' id='word_1_235' title='bbox 878 3885 997 3954; x_wconf 86' lang='lat' dir='ltr'>scripta,</span> <span class='ocrx_word' id='word_1_236' title='bbox 1017 3887 1051 3941; x_wconf 91' lang='lat' dir='ltr'>cf.</span> <span class='ocrx_word' id='word_1_237' title='bbox 1070 3887 1163 3941; x_wconf 89' lang='lat' dir='ltr'>Herm.</span> <span class='ocrx_word' id='word_1_238' title='bbox 1178 3886 1218 3939; x_wconf 91' lang='lat' dir='ltr'>VI</span> <span class='ocrx_word' id='word_1_239' title='bbox 1235 3904 1262 3955; x_wconf 92' lang='lat' dir='ltr'>p.</span> <span class='ocrx_word' id='word_1_240' title='bbox 1278 3892 1340 3942; x_wconf 76' lang='lat'>20⁷.</span> 
     </span>
    </p>

    <p class='ocr_par' dir='ltr' id='par_1_9' title="bbox 169 3973 1339 4136">
     <span class='ocr_line' id='line_1_33' title="bbox 260 3973 1339 4045; baseline -0.002 -15"><span class='ocrx_word' id='word_1_241' title='bbox 260 3980 288 4045; x_wconf 87' lang='grc'>6)</span> <span class='ocrx_word' id='word_1_242' title='bbox 308 3975 371 4044; x_wconf 90' lang='lat' dir='ltr'>„De</span> <span class='ocrx_word' id='word_1_243' title='bbox 390 3977 505 4029; x_wconf 87' lang='lat' dir='ltr'>auctore</span> <span class='ocrx_word' id='word_1_244' title='bbox 529 3974 564 4028; x_wconf 90' lang='lat' dir='ltr'>de</span> <span class='ocrx_word' id='word_1_245' title='bbox 588 3973 655 4028; x_wconf 84' lang='lat' dir='ltr'>viris</span> <span class='ocrx_word' id='word_1_246' title='bbox 679 3974 837 4029; x_wconf 87' lang='lat' dir='ltr'>illustribus</span> <span class='ocrx_word' id='word_1_247' title='bbox 861 3974 1041 4043; x_wconf 85' lang='lat' dir='ltr'>quaestiones</span> <span class='ocrx_word' id='word_1_248' title='bbox 1064 3975 1240 4030; x_wconf 85' lang='lat' dir='ltr'>historicae“</span> <span class='ocrx_word' id='word_1_249' title='bbox 1260 3974 1339 4044; x_wconf 87' lang='lat' dir='ltr'>(diss.</span> 
     </span>
     <span class='ocr_line' id='line_1_34' title="bbox 169 4065 431 4136; baseline -0.004 -18"><span class='ocrx_word' id='word_1_250' title='bbox 169 4065 320 4136; x_wconf 88' lang='lat' dir='ltr'>Herbopol.</span> <span class='ocrx_word' id='word_1_251' title='bbox 341 4065 431 4132; x_wconf 80' lang='grc'><strong>1876).</strong></span> 
     </span>
    </p>

    <p class='ocr_par' dir='ltr' id='par_1_10' title="bbox 168 4151 1341 4576">
     <span class='ocr_line' id='line_1_35' title="bbox 260 4151 1340 4222; baseline -0.001 -15"><span class='ocrx_word' id='word_1_252' title='bbox 260 4158 287 4207; x_wconf 80' lang='lat' dir='ltr'>u</span> <span class='ocrx_word' id='word_1_253' title='bbox 307 4151 486 4207; x_wconf 68' lang='lat' dir='ltr'>crwolffiin</span> <span class='ocrx_word' id='word_1_254' title='bbox 499 4170 527 4220; x_wconf 93' lang='lat' dir='ltr'>p.</span> <span class='ocrx_word' id='word_1_255' title='bbox 543 4159 591 4218; x_wconf 73' lang='lat'>423</span> <span class='ocrx_word' id='word_1_256' title='bbox 609 4151 642 4206; x_wconf 89' lang='lat' dir='ltr'>U.</span> <span class='ocrx_word' id='word_1_257' title='bbox 653 4152 760 4207; x_wconf 80' lang='lat' dir='ltr'>Kohler</span> <span class='ocrx_word' id='word_1_258' title='bbox 777 4170 804 4221; x_wconf 90' lang='lat' dir='ltr'>p.</span> <span class='ocrx_word' id='word_1_259' title='bbox 816 4158 862 4217; x_wconf 84' lang='lat'>41;</span> <span class='ocrx_word' id='word_1_260' title='bbox 883 4151 1005 4222; x_wconf 83' lang='lat' dir='ltr'>Spengel</span> <span class='ocrx_word' id='word_1_261' title='bbox 1023 4171 1050 4222; x_wconf 91' lang='lat' dir='ltr'>p.</span> <span class='ocrx_word' id='word_1_262' title='bbox 1066 4159 1132 4218; x_wconf 76' lang='lat'>³483</span> <span class='ocrx_word' id='word_1_263' title='bbox 1150 4152 1340 4221; x_wconf 80' lang='lat' dir='ltr'>Rosenhauer,</span> 
     </span>
     <span class='ocr_line' id='line_1_36' title="bbox 170 4239 1341 4312; baseline 0 -18"><span class='ocrx_word' id='word_1_264' title='bbox 170 4242 228 4310; x_wconf 84' lang='lat' dir='ltr'>„de</span> <span class='ocrx_word' id='word_1_265' title='bbox 251 4240 375 4296; x_wconf 88' lang='lat' dir='ltr'>fontibus</span> <span class='ocrx_word' id='word_1_266' title='bbox 400 4239 467 4294; x_wconf 90' lang='lat' dir='ltr'>libri</span> <span class='ocrx_word' id='word_1_267' title='bbox 495 4242 529 4294; x_wconf 89' lang='lat' dir='ltr'>dc</span> <span class='ocrx_word' id='word_1_268' title='bbox 555 4239 623 4295; x_wconf 88' lang='lat' dir='ltr'>viris</span> <span class='ocrx_word' id='word_1_269' title='bbox 650 4239 832 4296; x_wconf 83' lang='lat' dir='ltr'>illustribus“</span> <span class='ocrx_word' id='word_1_270' title='bbox 856 4245 940 4307; x_wconf 80' lang='grc'><strong>1882;</strong></span> <span class='ocrx_word' id='word_1_271' title='bbox 966 4240 1072 4296; x_wconf 89' lang='lat' dir='ltr'>Lucani</span> <span class='ocrx_word' id='word_1_272' title='bbox 1099 4243 1193 4296; x_wconf 89' lang='lat' dir='ltr'>autem</span> <span class='ocrx_word' id='word_1_273' title='bbox 1219 4241 1341 4312; x_wconf 87' lang='lat' dir='ltr'>vestigia</span> 
     </span>
     <span class='ocr_line' id='line_1_37' title="bbox 170 4327 1339 4399; baseline 0.003 -17"><span class='ocrx_word' id='word_1_274' title='bbox 170 4328 278 4384; x_wconf 87' lang='lat' dir='ltr'>dinosci</span> <span class='ocrx_word' id='word_1_275' title='bbox 300 4327 405 4382; x_wconf 90' lang='lat' dir='ltr'>iniuria</span> <span class='ocrx_word' id='word_1_276' title='bbox 424 4328 526 4382; x_wconf 87' lang='lat' dir='ltr'>statuit</span> <span class='ocrx_word' id='word_1_277' title='bbox 544 4329 729 4399; x_wconf 84' lang='lat' dir='ltr'>Westerburg</span> <span class='ocrx_word' id='word_1_278' title='bbox 747 4329 763 4381; x_wconf 94' lang='lat' dir='ltr'>l.</span> <span class='ocrx_word' id='word_1_279' title='bbox 786 4329 804 4382; x_wconf 96' lang='grc'>1.</span> <span class='ocrx_word' id='word_1_280' title='bbox 823 4347 849 4397; x_wconf 89' lang='lat' dir='ltr'>p.</span> <span class='ocrx_word' id='word_1_281' title='bbox 866 4333 908 4383; x_wconf 80' lang='lat'>49.</span> <span class='ocrx_word' id='word_1_282' title='bbox 928 4361 961 4370; x_wconf 91' lang='lat'>—</span> <span class='ocrx_word' id='word_1_283' title='bbox 982 4330 1112 4385; x_wconf 82' lang='lat' dir='ltr'>Ceterum</span> <span class='ocrx_word' id='word_1_284' title='bbox 1132 4330 1220 4385; x_wconf 82' lang='lat' dir='ltr'>etiam</span> <span class='ocrx_word' id='word_1_285' title='bbox 1239 4330 1339 4385; x_wconf 84' lang='lat' dir='ltr'>Corne-</span> 
     </span>
     <span class='ocr_line' id='line_1_38' title="bbox 168 4417 1341 4488; baseline -0.001 -16"><span class='ocrx_word' id='word_1_286' title='bbox 168 4419 238 4472; x_wconf 89' lang='lat' dir='ltr'>lium</span> <span class='ocrx_word' id='word_1_287' title='bbox 259 4419 295 4472; x_wconf 88' lang='lat' dir='ltr'>ab</span> <span class='ocrx_word' id='word_1_288' title='bbox 314 4417 443 4487; x_wconf 86' lang='lat' dir='ltr'>Ampelio</span> <span class='ocrx_word' id='word_1_289' title='bbox 463 4418 567 4472; x_wconf 89' lang='lat' dir='ltr'>lectum</span> <span class='ocrx_word' id='word_1_290' title='bbox 586 4420 672 4486; x_wconf 88' lang='lat' dir='ltr'>atque</span> <span class='ocrx_word' id='word_1_291' title='bbox 697 4418 728 4471; x_wconf 92' lang='lat' dir='ltr'>in</span> <span class='ocrx_word' id='word_1_292' title='bbox 747 4420 905 4472; x_wconf 86' lang='lat' dir='ltr'>exterorum</span> <span class='ocrx_word' id='word_1_293' title='bbox 923 4418 1069 4474; x_wconf 88' lang='lat' dir='ltr'>hominum</span> <span class='ocrx_word' id='word_1_294' title='bbox 1088 4418 1155 4473; x_wconf 88' lang='lat' dir='ltr'>vitis</span> <span class='ocrx_word' id='word_1_295' title='bbox 1173 4419 1341 4488; x_wconf 84' lang='lat' dir='ltr'>usurpatum</span> 
     </span>
     <span class='ocr_line' id='line_1_39' title="bbox 170 4505 741 4576; baseline 0 -14"><span class='ocrx_word' id='word_1_296' title='bbox 170 4523 230 4562; x_wconf 85' lang='lat' dir='ltr'>esse</span> <span class='ocrx_word' id='word_1_297' title='bbox 249 4505 310 4576; x_wconf 87' lang='lat' dir='ltr'>ipse</span> <span class='ocrx_word' id='word_1_298' title='bbox 329 4505 416 4560; x_wconf 87' lang='lat' dir='ltr'>evicit</span> <span class='ocrx_word' id='word_1_299' title='bbox 433 4505 566 4560; x_wconf 83' lang='lat' dir='ltr'>Wolfflin</span> <span class='ocrx_word' id='word_1_300' title='bbox 584 4507 603 4561; x_wconf 95' lang='grc'>1.</span> <span class='ocrx_word' id='word_1_301' title='bbox 618 4507 637 4561; x_wconf 90' lang='lat' dir='ltr'>l.</span> <span class='ocrx_word' id='word_1_302' title='bbox 656 4526 683 4576; x_wconf 88' lang='lat' dir='ltr'>p.</span> <span class='ocrx_word' id='word_1_303' title='bbox 699 4513 741 4562; x_wconf 80' lang='lat'>32.</span> 
     </span>
    </p>

    <p class='ocr_par' dir='ltr' id='par_1_11' title="bbox 260 4594 913 4666">
     <span class='ocr_line' id='line_1_40' title="bbox 260 4594 913 4666; baseline 0.002 -15"><span class='ocrx_word' id='word_1_304' title='bbox 260 4597 288 4660; x_wconf 91' lang='lat'>8)</span> <span class='ocrx_word' id='word_1_305' title='bbox 309 4594 486 4662; x_wconf 85' lang='lat' dir='ltr'>„Schweiaer</span> <span class='ocrx_word' id='word_1_306' title='bbox 503 4595 654 4651; x_wconf 86' lang='lat' dir='ltr'>Museum“</span> <span class='ocrx_word' id='word_1_307' title='bbox 669 4597 681 4650; x_wconf 92' lang='lat' dir='ltr'>I</span> <span class='ocrx_word' id='word_1_308' title='bbox 700 4599 791 4666; x_wconf 84' lang='grc'><strong>(1837)</strong></span> <span class='ocrx_word' id='word_1_309' title='bbox 810 4615 837 4666; x_wconf 90' lang='lat' dir='ltr'>p.</span> <span class='ocrx_word' id='word_1_310' title='bbox 854 4601 913 4652; x_wconf 76' lang='lat'>145.</span> 
     </span>
    </p>
   </div>
   <div class='ocr_carea' id='block_1_4' title="bbox 0 0 1652 5422">
    <p class='ocr_par' dir='ltr' id='par_1_12' title="bbox 0 0 1652 5422">
     <span class='ocr_line' id='line_1_41' title="bbox 0 0 1652 5422; baseline 0 1"><span class='ocrx_word' id='word_1_311' title='bbox 0 0 1652 5422; x_wconf 95' lang='lat' dir='ltr'> </span> 
     </span>
    </p>
   </div>
  </div>
 </body>
</html>
