3296 5422
816 491 1033 552 ..22-

341 670 425 712 anno
451 648 579 713 demum
604 649 645 713 79
674 671 737 712 una
760 670 833 713 cum
855 647 986 712 Metello
1014 647 1048 712 in
1070 647 1260 732 Hispaniam
1282 647 1407 712 venisse
1431 648 1513 712 arbi-

340 757 457 839 tratur3
488 753 586 818 immo
621 777 710 839 vero,
745 753 828 818 sicut
856 759 947 818 acute
983 753 1130 838 exposuit
1156 752 1327 841 Wilsdorf,
1359 755 1513 839 quoniam
1615 800 1618 810 ·

341 861 557 926 aPlutarcho
586 884 649 926 una
678 883 751 926 cum
773 861 899 925 Fufidio
926 861 1097 944 proconsul
1124 861 1305 945 provinciae
1334 861 1513 946 appellatus

341 971 403 1053 est,
433 968 536 1032 eidem
558 990 642 1032 anno
668 969 709 1034 80
733 967 955 1032 attribuendus
978 965 1128 1052 Annique
1150 967 1246 1032 Lusci
1273 989 1435 1032 successor
1458 967 1513 1030 ha-

341 1075 464 1139 bendus
488 1078 544 1139 est.
592 1073 654 1139 Sed
676 1074 740 1138 iam
764 1074 914 1159 deceptus
932 1073 1038 1159 Floro,
1060 1074 1211 1158 periocha
1233 1073 1374 1159 Liviana,
1396 1074 1513 1138 Eutro-

341 1181 395 1264 pio
414 1177 556 1267 Lange¹)
579 1180 716 1246 alterum
735 1180 797 1245 sibi
815 1180 910 1244 finxit
928 1180 1116 1266 Domitium,
1140 1181 1261 1246 scilicet
1283 1181 1318 1245 L.
1332 1181 1513 1245 Domitium

340 1287 590 1352 Ahenobarbam
613 1287 757 1373 legatum
786 1287 944 1371 quendam
966 1287 1103 1372 Metelli,
1131 1309 1226 1371 quem
1249 1311 1313 1352 una
1336 1310 1408 1352 cum
1431 1287 1513 1350 Tho*

341 1395 431 1460 ranio
459 1395 568 1480 legato
596 1394 636 1457 ad
658 1392 763 1458 Anam
791 1395 910 1458 flumen
938 1393 1099 1458 devictum
1127 1415 1195 1458 esse
1222 1394 1300 1458 vult.
1345 1392 1390 1458 At
1414 1417 1514 1458 unum

342 1502 540 1585 eundemque
565 1523 632 1565 esse
655 1501 819 1566 hominem
842 1501 893 1565 vel
917 1523 933 1565 e
956 1500 1130 1565 Plutarcho
1155 1501 1312 1586 sequitur,
1340 1500 1453 1564 deinde
1476 1523 1515 1564 ea

342 1632 359 1672 e
382 1631 417 1672 re
441 1607 526 1693 quod
549 1611 672 1672 rectum
695 1608 795 1672 Marci
809 1606 997 1693 'pronomen
1021 1608 1050 1672 ei
1074 1608 1216 1694 assignat
1241 1608 1404 1692 periocha3
1434 1607 1515 1673 adde

235 1799 237 1803 Ι
343 1714 429 1798 quod
447 1717 580 1797 uterque
596 1714 813 1799 Domitius‚·si
833 1735 1037 1798 sequeremur
1050 1715 1218 1802 Langium‚
1237 1715 1400 1780 simillimo
1419 1715 1516 1778 modo

345 1820 386 1883 ab
404 1819 566 1884 Hirtuleio
591 1843 700 1885 caesus
725 1843 792 1886 esse
816 1819 1036 1907 narraretur.²)
1081 1821 1233 1887 Meudum
1257 1826 1364 1886 autem
1388 1825 1435 1886 cst
1459 1825 1516 1884 aut

342 1926 493 2011 Eutropii
516 1927 747 2011 periochaeque
766 1927 905 1992 auctoris
929 1932 984 1992 aut
1002 1928 1168 2014 librorum,
1192 1929 1277 2013 quod
1299 1928 1354 1992 ille
1371 1927 1517 2012 Lucium,

342 2033 421 2098 haec
444 2033 587 2119 legatum
611 2057 684 2098 eum
703 2035 873 2119 appeliant.
918 2033 1031 2126 Neque
1050 2057 1125 2099 vero
1144 2035 1276 2100 Florum
1295 2057 1409 2121 urgere
1427 2034 1518 2119 licet3

344 2139 399 2224 qui
422 2162 495 2204 cum
518 2139 694 2224 scripserit:
725 2140 844 2225 ‘prima
866 2163 923 2225 per
945 2140 1071 2226 legatos
1093 2141 1205 2204 habita
1228 2141 1415 2227 certamina,
1442 2164 1517 2205 cum

245 2325 247 2332 y
343 2246 419 2310 hinc
437 2245 599 2310 Domitius
624 2250 655 2310 et
678 2247 859 2310 Thorani'us
882 2247 955 2310 inde
979 2247 1120 2311 Hirtulei
1143 2247 1371 2334 proluderent’‚
1394 2247 1517 2333 optime

344 2351 377 2415 id
408 2351 542 2434 quadrat
577 2352 617 2415 ad
647 2352 788 2417 Thorani
817 2345 959 2417 Hirtulei
993 2353 1135 2418 Herenni
1167 2354 1284 2440 clades,
1320 2357 1376 2420 sed
1410 2354 1518 2419 minus

290 2537 292 2539 Ι
345 2456 514 2522 convenire
547 2459 630 2524 hano
662 2459 933 2544 comparationem
966 2460 1005 2524 ad
1035 2448 1227 2546 Domitium,
1260 2462 1370 2526 rhetor
1401 2462 1518 2525 Florus

343 2563 488 2649 neglexit
520 2587 623 2650 neque
656 2567 781 2632 flosculi
812 2567 938 2651 pulchri
973 2567 1078 2652 gratia
1107 2590 1158 2632 res
1188 2568 1318 2632 turbare
1348 2567 1518 2631 dubitavit.

345 2669 467 2735 Similis
498 2671 705 2758 neglegentia
738 2672 896 2756 epitomae
926 2695 1052 2757 quoque
1079 2672 1230 2738 Livianae
1260 2673 1430 2738 tribuenda
1458 2676 1518 2757 est,

346 2799 427 2862 quae
449 2776 573 2842 Metelli
597 2781 629 2841 et
652 2778 788 2842 Domitii
811 2779 1040 2863 proconsulum
1068 2778 1285 2862 expeditiones
1312 2801 1346 2842 re
1373 2801 1449 2844 vera
1472 2778 1518 2842 di-

344 2883 453 2948 versis¹
473 2884 574 2948 factas
602 2877 703 2950 annis
721 2885 889 2951 brevitatis
917 2908 1012 2950 causa
1040 2883 1131 2970 quasi
1158 2906 1222 2949 uno
1251 2907 1333 2949 anno
1363 2885 1518 2970 complec-

345 2990 486 3074 tebatur,
511 2991 549 3055 cf.
569 2990 658 3056 Oros.
673 2991 704 3057 V
718 2994 770 3078 23,
785 2995 819 3058 3:
843 2991 1020 3057 ‘Adversus
1043 2992 1129 3056 hunc
1153 3029 1193 3038 ——
1211 3029 1254 3040 --
1268 3029 1309 3038 —-
1334 2991 1397 3056 duo
1421 2991 1517 3056 duces

345 3096 448 3182 missi,
471 3097 621 3162 Metellus
641 3102 673 3162 et
691 3097 879 3184 Domitius'‚
903 3103 935 3162 et
953 3097 1106 3162 nutavi
1122 3101 1153 3163 1:
1178 3097 1286 3162 ‘Missi
1310 3101 1385 3163 sunt
1404 3102 1515 3163 contra

348 3225 421 3268 eum
445 3204 540 3269 duces
563 3204 598 3282 Q.
619 3203 774 3270 Caecilius
796 3204 946 3270 Metellus
970 3209 1002 3268 et
1024 3205 1089 3286 [h]
1113 3204 1275 3270 Domitius
1298 3205 1448 3290 praetor?

434 3308 530 3375 Anno
559 3311 706 3397 deinceps
732 3313 772 3377 79
804 3311 838 3389 Q.
864 3303 1019 3378 Caecilius
1045 3311 1196 3377 Metellus
1225 3311 1303 3377 Pius
1331 3311 1517 3378 ulteriorem

345 3415 543 3502 provinciam
561 3441 619 3504 pro
639 3418 769 3484 consule
788 3419 922 3503 adeptus
941 3421 999 3504 est,
1022 3421 1059 3482 ut
1076 3417 1202 3482 Fufidio
1221 3417 1306 3482 victo
1327 3419 1516 3484 succederet.

345 3524 469 3588 Modern
487 3546 571 3589 anno
590 3525 769 3590 Thoranius
787 3525 913 3611 legatus
932 3523 1055 3589 Metelli
1074 3546 1110 3588 ac
1128 3521 1324 3611 Domitius⁵)
1346 3525 1518 3609 proconsul

346 3631 387 3694 ab
417 3630 578 3695 Hirtuleio
611 3631 651 3694 ad
681 3629 787 3696 Anam
820 3630 935 3696 devicti
968 3621 1114 3716 caesique
1148 3635 1235 3716 sunt,
1268 3631 1336 3716 ipsc
1367 3631 1518 3696 Metellus

347 3761 366 3802 a
396 3737 537 3803 Sertorio
571 3737 697 3824 saepius
729 3739 817 3803 clade
850 3739 982 3803 affectus
1013 3742 1074 3824 est,
1107 3738 1195 3803 velut
1227 3738 1261 3802 in
1287 3736 1518 3825 Lacobrigael)

347 3847 534 3857 ἄρ’

437 3897 463 3964 1)
484 3895 521 3949 Et
539 3911 596 3949 una
613 3893 753 3950 Wilsdorf
768 3913 795 3965 p.
813 3899 875 3962 1193
895 3895 982 3950 Edler
1000 3914 1027 3966 p.
1045 3902 1085 3951 16.

436 3988 463 4054 2)
483 3985 545 4038 lure
563 3983 636 4038 hanc
656 3983 818 4054 opinionem
836 3985 921 4040 antea
945 4001 1031 4054 quam
1049 3984 1111 4038 lata
1134 3985 1190 4054 est,
1213 3984 1350 4041 refutavit
1372 3984 1429 4039 iam
1449 3986 1518 4039 Dru-

348 4090 434 4126 mann
451 4073 490 4127 IV
508 4090 535 4141 p.
550 4077 601 4127 357
614 4071 677 4127 adn.

437 4164 464 4231 3)
484 4160 638 4217 Domitium
662 4177 735 4215 anno
755 4161 867 4215 demum
887 4167 921 4217 79
948 4163 1091 4217 mortuum
1117 4179 1177 4218 csse
1202 4163 1248 4217 vel
1275 4178 1309 4216 ea
1334 4179 1364 4217 re
1390 4163 1518 4232 eflicitur,

348 4251 424 4320 quod
443 4256 477 4306 '18
496 4250 527 4316 Q.
542 4249 666 4306 Calidius
685 4251 715 4304 in
733 4250 862 4306 citeriore
881 4251 1027 4321 provincia
1045 4251 1072 4306 ei
1091 4250 1239 4319 successit,
1258 4251 1292 4306 de
1311 4269 1366 4320 quo
1385 4251 1420 4308 cf.
1432 4251 1517 4306 Wils-

348 4339 414 4394 dorf
428 4357 456 4409 p.
472 4344 532 4393 119.

437 4429 465 4499 4)
483 4426 567 4483 Falso
594 4429 689 4484 autem
712 4430 856 4484 Drumann
881 4430 918 4484 lV
944 4448 971 4500 p.
986 4435 1039 4485 358
1064 4430 1094 4484 et
1115 4429 1264 4484 Neumann
1283 4429 1309 4482 ΙΙ
1334 4447 1361 4499 p.
1377 4435 1410 4484 29
1430 4429 1518 4483 Laco—

350 4515 449 4588 brigac
477 4517 717 4588 oppugnationem
746 4535 818 4573 anno
847 4518 1007 4572 attribuunt
1032 4523 1078 4584 '183
1107 4517 1254 4572 Neurnann
1280 4516 1393 4586 quidem
1421 4519 1519 4573 urbem

347 4605 540 4677 Laggobriten
564 4606 600 4662 ad
619 4606 790 4662 Pollentiam
815 4607 898 4662 sitam
922 4606 968 4676 (cl.
987 4605 1105 4662 Ptolem.
1124 4606 1158 4660 Il.
1169 4613 1194 4676 6,
1214 4613 1247 4662 49
1271 4608 1302 4661 et
1319 4604 1381 4661 itin.
1401 4605 1519 4676 Antcn.)
