3296 5422
643 1400 821 1475 Vita.

237 1701 410 1767 Bertoldus
434 1701 706 1766 Maurenbrecher
732 1704 829 1766 natus
854 1721 924 1764 sum
949 1700 999 1764 dic
1022 1699 1084 1764 XV
1108 1701 1228 1765 mensis
1252 1699 1317 1764 Au-

147 1809 236 1893 gusti
263 1832 290 1874 a.
319 1807 351 1872 h.
377 1832 401 1873 s.
429 1811 472 1874 68
505 1808 644 1893 Dorpati
676 1809 711 1872 in
742 1808 821 1873 urbe
851 1807 988 1872 Russiae
1020 1812 1113 1893 patre
1143 1805 1317 1890 Guilelm0‚

149 1919 252 1982 matre
271 1915 376 1980 Maria
395 1939 412 1980 e
432 1921 529 2002 gente
547 1915 830 2000 Maurenbrecher3
848 1915 923 1979 fidei
938 1914 1118 1999 adscriptus
1134 1937 1205 1979 sum
1221 1936 1316 1978 evan-

146 2025 277 2109 gelicae.
324 2022 443 2087 Primis
468 2023 652 2087 litterarum
675 2021 843 2087 elementis
867 2026 900 2086 et
917 2021 1108 2107 Regimonti
1132 2026 1165 2086 et
1182 2021 1317 2086 Bonnac

146 2132 292 2196 imbutus
315 2129 390 2194 inde
419 2130 460 2193 ab
484 2151 570 2193 anno
598 2130 681 2194 1878
706 2129 911 2214 gymnasium
934 2127 1060 2213 regium
1084 2127 1150 2192 adii
1173 2126 1318 2213 Bonnac,

147 2237 364 2324 pulcherrimo
387 2236 423 2300 in
445 2236 603 2302 Rhenano
626 2236 683 2301 illo
708 2236 840 2321 oppido,
863 2257 939 2300 mox
963 2257 1036 2300 curn
1059 2239 1152 2320 pater
1169 2234 1317 2320 Lipsiam

146 2347 428 2429 transmigrasset,
455 2347 492 2408 ut
519 2347 634 2408 nostra
663 2343 698 2407 in
725 2343 812 2407 alma
840 2347 945 2406 matre
972 2341 1145 2408 historiam
1180 2343 1317 2428 doceret,

147 2453 216 2536 ipse
244 2453 279 2516 in
307 2451 453 2516 scholam
480 2448 682 2514 Thomanam
710 2453 860 2534 receptus
888 2471 973 2532 sum,
1002 2472 1084 2533 quae
1107 2449 1317 2535 Jungmanno

146 2562 270 2623 rectore
289 2558 399 2621 floruit
414 2561 489 2620 tunc
504 2555 671 2640 adhucque
685 2557 787 2621 floret.
824 2555 1024 2620 Maturitatis
1039 2555 1228 2622 testimonio
1243 2577 1318 2622 vere

148 2663 226 2728 anni
260 2664 343 2729 1887
378 2663 556 2726 instructus
589 2661 751 2746 stipendia
778 2662 913 2726 meritus
943 2685 1014 2727 sum
1046 2685 1104 2747 per
1137 2687 1256 2728 anuum
1284 2666 1318 2729 in

148 2771 357 2835 celeberrima
384 2769 512 2854 legione
540 2773 655 2834 nostra
685 2769 770 2854 107,
795 2769 892 2833 simul
921 2769 1166 2835 universitatem
1196 2771 1319 2836 accessi

147 2877 365 2962 Lipsiensem,
401 2881 440 2940 ut
476 2875 682 2960 philologieis
718 2875 924 2959 potissimum
960 2898 1010 2940 me
1046 2876 1155 2941 darem
1193 2877 1319 2942 studiis.

147 2983 284 3049 Aestate
319 2984 403 3048 1888
434 2983 615 3047 vehementi
643 2981 748 3046 Rheni
776 2981 933 3047 desiderio
961 2989 1142 3049 commotus
1170 2983 1318 3049 Bonnam

148 3113 200 3156 me
215 3090 348 3175 contuli,
362 3089 419 3155 sed
433 3089 498 3154 iam
514 3090 626 3153 eodem
641 3111 727 3153 anno
741 3088 889 3172 Lipsiam
907 3091 1036 3174 reverti,
1050 3094 1086 3154 ut
1102 3090 1218 3155 studiis
1237 3092 1318 3156 meis

147 3199 246 3262 finem
274 3197 450 3281 imponam.
496 3196 684 3262 Docuerunt
711 3219 762 3261 me
784 3197 848 3260 viri
875 3197 1092 3261 illustrissimi
1114 3196 1316 3262 Bonnenses:

147 3304 308 3388 Bender,
339 3304 543 3386 Biicheler,
575 3303 731 3386 Nissen,
763 3303 926 3389 Usener,
966 3303 1164 3387 Lipsienses:
1198 3304 1318 3388 Brug-

148 3433 275 3492 mann,
302 3406 690 3498 Busch,flOichorius,
719 3408 1002 3493 Gardthausen,
1031 3408 1139 3494 Gess,
1161 3409 1318 3496 Heinze,

148 3518 319 3601 Lipsius,
341 3515 680 3600 Maurenbrecher,
709 3516 925 3601 Overbeck,
951 3516 1139 3601 Ribbeck,
1168 3515 1319 3604 Schrei-

147 3625 227 3706 ber,
255 3621 526 3704 Wachsmuth,
553 3621 709 3707 Wundt,
736 3623 772 3688 F.
800 3621 980 3688 Zarncke.
1026 3622 1159 3687 Bonnae
1187 3627 1221 3687 et
1246 3647 1318 3709 pro-

149 3730 323 3795 seminario
343 3729 540 3814 philologioo
556 3729 744 3794 moderante
759 3728 905 3795 Usenero
925 3733 957 3794 et
974 3729 1148 3794 seminario
1162 3729 1318 3797 historico

147 3836 294 3920 praeside
322 3834 462 3902 Nisseno
491 3835 639 3921 interfui,
669 3836 743 3900 dein
776 3835 906 3920 Lipsiae
934 3837 1012 3901 bina
1038 3859 1097 3922 per
1129 3839 1319 3903 semenstria

148 3943 376 4031 proseminarii
403 3944 595 4028 philologici
623 3944 852 4028 seminariique
886 3944 1007 4010 sodalis
1035 3948 1072 4008 ut
1104 3967 1208 4010 essem
1236 3946 1318 4010 ordi-

148 4051 272 4135 nariuS,
300 4051 415 4136 Lipsii,
447 4051 633 4133 Ribbechii,
656 4049 897 4116 Wachsmuthii
924 4056 1086 4116 rectorum
1113 4051 1318 4138 benignitate

148 4157 230 4222 mihi
262 4157 407 4242 contigit.
464 4155 516 4220 Ad
549 4155 794 4222 exercitationes
828 4161 935 4221 autem
967 4158 1158 4222 societatum
1188 4182 1319 4226 suarum

149 4263 363 4348 philologioas
409 4262 568 4346 Ribbeck,
615 4263 814 4347 antiquarius
861 4263 990 4349 Lipsius
1038 4263 1318 4352 Wachsmuthque

148 4393 275 4436 summa
298 4392 371 4434 cum
401 4370 605 4434 humanitate
633 4369 713 4433 mihi
743 4370 961 4453 permiserunt
988 4371 1125 4456 aditum,
1153 4372 1262 4457 itaque
1284 4376 1318 4439 in

147 4475 369 4541 Ribbeckiana
392 4499 448 4560 per
467 4476 644 4562 biennium,
666 4477 701 4542 in
720 4476 1016 4542 Wachsmuthiana
1034 4479 1098 4542 tria
1117 4482 1318 4567 semenstria,

147 4584 183 4648 in
207 4581 359 4669 Lipsiana
383 4605 438 4647 sex
460 4604 518 4666 per
542 4605 669 4648 menses
688 4584 806 4649 litteris
825 4584 942 4649 navari
962 4605 1102 4667 operam.
1145 4585 1319 4653 Praeterea
