3296 5422
832 475 1026 538 -6..

342 633 492 698 dicuntur
510 632 718 696 Berolinense
738 635 771 695 et
788 629 1010 718 Vaticanum),
1033 633 1151 717 partim
1169 633 1351 717 nuperrime
1371 655 1387 696 e
1406 633 1513 697 codice

341 737 565 804 Aurelianensi
594 758 744 801 excussae
773 741 848 800 sunt
877 737 1034 822 nobisque
1065 739 1165 803 totius
1196 739 1301 823 operis
1328 737 1514 806 Sallustiani

342 844 541 928 reciperandi
565 867 718 931 magnum
741 848 910 908 moverunt
935 845 1135 910 desiderium.

432 950 494 1015 Sed
517 956 688 1035 antequam
712 951 751 1013 ad
774 950 1045 1017 restituendarum
1063 953 1271 1018 historiarum
1290 953 1514 1039 aggrediamur

343 1061 507 1142 conatum,
537 1057 856 1141 circumspiciendum
876 1061 946 1143 est,
977 1062 1009 1122 et
1039 1059 1115 1143 quid
1143 1060 1246 1124 adhuc
1273 1059 1333 1123 viri
1362 1060 1447 1125 docti
1476 1061 1513 1124 de

344 1166 384 1229 iis
406 1164 627 1250 praestiterint
650 1168 682 1228 et
706 1163 783 1248 quid
805 1163 900 1228 nobis
922 1164 1070 1229 relictum
1094 1165 1137 1230 sit
1160 1170 1196 1229 ut
1219 1167 1381 1231 faciamus.

432 1271 560 1336 Primus
588 1270 733 1335 Sallustii
759 1269 967 1334 historiarum
995 1271 1147 1356 reliquias
1175 1273 1307 1359 collegit
1334 1273 1514 1337 Ludovious

343 1378 452 1443 Carrio
479 1378 577 1462 1574,
608 1377 721 1441 deinde
746 1376 780 1441 G.
802 1374 930 1463 sorte)
956 1380 1041 1443 1724
1068 1379 1191 1462 primus
1219 1401 1272 1443 eas
1300 1379 1410 1444 ordine
1439 1403 1514 1462 quo-

342 1486 415 1549 dam
443 1483 598 1548 historieo
627 1483 792 1568 disposuit.
837 1483 964 1549 Novam
993 1484 1210 1569 optimamque
1238 1486 1278 1549 ad
1300 1486 1514 1550 restituendas

342 1591 494 1656 historias
513 1591 598 1654 viam
617 1589 782 1676 ingressus
801 1594 850 1655 est
869 1591 907 1654 de
921 1590 1117 1677 Brossius²)‚
1141 1592 1196 1676 qui
1215 1615 1278 1676 quo
1298 1595 1366 1656 erat
1385 1593 1515 1678 ingenio

343 1697 614 1782 splendidissimo,
650 1719 716 1760 non
748 1696 928 1782 fragmenta
964 1701 1091 1762 tantum
1123 1697 1267 1762 Sallustii
1301 1699 1356 1763 sed
1374 1703 1516 1763 ¹omnem

343 1804 523 1888 materiem,
554 1826 635 1887 quae
662 1803 808 1868 historiis
836 1807 966 1867 narrata
994 1808 1074 1888 erat,
1105 1805 1256 1891 colligere
1284 1829 1320 1870 ac
1348 1806 1515 1890 disponere

343 1910 539 1976 intermixtis
563 1909 707 1975 Sallustii
738 1932 818 1995 quae
850 1915 975 1974 servata
1006 1915 1081 1975 sunt
1110 1912 1217 1976 verbis
1247 1912 1309 1976 sibi
1338 1913 1515 1998 proposuit.

343 2017 496 2083 Attamen
516 2017 684 2082 consilium
705 2017 824 2101 optime
848 2017 1065 2103 excogitatum
1089 2018 1219 2102 exsequi
1242 2019 1374 2106 nequiit,
1398 2020 1516 2104 quippe

344 2125 398 2208 qui
418 2128 486 2188 arte
505 2123 616 2188 critica
634 2123 865 2210 diligentiaque
883 2124 1080 2210 philologioa
1097 2125 1192 2208 plane
1211 2130 1340 2190 careret.
1377 2127 1516 2190 Tantum

343 2254 418 2295 vero
442 2231 543 2295 valuit
567 2231 689 2316 ingenii
707 2229 940 2316 Francogallici
964 2231 1025 2316 via,
1049 2235 1085 2295 ut
1104 2231 1159 2315 qui
1178 2236 1290 2316 postea
1308 2233 1517 2297 historiarum

343 2338 524 2423 fragmenta
548 2336 660 2421 edidit,
682 2335 734 2400 Fr.
758 2336 942 2400 Dorotheus
966 2335 1102 2401 Gerlach
1128 2342 1255 2421 praeter
1280 2338 1424 2404 Cortium
1451 2341 1515 2424 ple—

344 2466 478 2527 rumque
503 2443 540 2506 de
559 2443 726 2507 Brossium
750 2443 792 2506 sit
812 2448 952 2528 secutus,
975 2466 1076 2527 pauca
1099 2450 1206 2509 autem
1230 2468 1310 2529 quae
1329 2447 1397 2531 ipse
1421 2470 1438 2510 e
1458 2471 1516 2512 suo

344 2551 466 2614 addidit
488 2550 609 2615 nullius
637 2550 703 2614 fere
727 2551 857 2615 fuerunt
880 2551 1012 2615 fructus
1059 2551 1171 2636 Itaque
1189 2553 1370 2618 Fridericus
1393 2552 1518 2639 Kritffl)

343 2657 466 2721 Brossii
490 2656 614 2720 ratione
637 2656 731 2740 plane
756 2657 880 2722 abiecta
908 2661 982 2721 ante
1007 2658 1114 2722 omnia
1137 2658 1170 2721 id
1193 2659 1331 2742 studuit,
1361 2662 1397 2722 ut
1421 2680 1517 2742 quam

345 2763 582 2829 accuratissime
607 2763 734 2850 singula
757 2764 938 2849 fragmenta
957 2765 1143 2850 explicaret,
1168 2766 1364 2850 emendaret,
1388 2766 1518 2829 adrem

344 2876 464 2937 certam
492 2871 639 2956 referret,
672 2871 784 2938 deinde
818 2875 854 2935 ut
882 2869 992 2936 ordine
1026 2895 1084 2936 suo
1117 2894 1154 2935 ea
1182 2872 1373 2956 disponeret.
1427 2871 1519 2948 Quod

344 2977 546 3063 propositum
571 2978 617 3042 ita
640 2978 705 3042 fere
730 2977 894 3042 assecutus
917 2982 979 3062 est,
1007 2982 1044 3041 ut
1067 2981 1099 3041 et
1123 2977 1156 3041 in
1179 2979 1275 3043 rebus
1300 2982 1331 3042 et
1355 2978 1389 3042 in
1411 2978 1518 3042 verbis

346 3084 579 3150 constituendis
606 3106 708 3168 pauca
735 3083 923 3169 corrigenda
952 3084 1004 3148 vel
1035 3084 1178 3148 addenda
1207 3085 1410 3169 relinqueret.
1457 3084 1518 3160 Qui

345 3196 508 3277 postremo
527 3191 680 3256 historias
699 3191 807 3276 edidit,
825 3191 1016 3275 liudolphus
1034 3189 1215 3278 Dietsoh4),
1237 3191 1353 3256 Kritzii
1372 3195 1518 3275 sectator,

347 3300 408 3364 etsi
437 3321 504 3363 non
534 3299 602 3362 sine
631 3299 738 3364 fructu
769 3298 877 3382 aliquo
908 3298 947 3361 ad
970 3296 1159 3362 Sallustium
1187 3299 1357 3364 accessisse
1384 3298 1519 3383 videtur,

345 3411 456 3471 tamen
488 3429 606 3492 magno
638 3405 714 3470 huic
746 3405 871 3470 muneri
901 3404 1032 3470 minime
1063 3409 1131 3469 erat
1160 3428 1225 3490 par.
1278 3405 1448 3470 Praeterea
1478 3405 1517 3468 de

346 3513 555 3578 historiarum
579 3512 723 3598 reliquiis
747 3511 867 3598 optime
895 3511 1002 3576 meriti
1026 3516 1101 3576 sunt
1124 3510 1326 3599 Kreyssig5),
1354 3511 1409 3595 qui
1433 3512 1516 3596 frag-

423 3712 447 3777 1)
465 3708 507 3761 Ex
515 3707 678 3762 recensione
689 3704 778 3760 Cortii
787 3704 900 3774 saepius
911 3705 1069 3774 fragmenta
1079 3705 1242 3774 edebantur,
1259 3704 1333 3759 sicut
1343 3721 1360 3759 a
1370 3703 1518 3760 Paschalio

351 3803 428 3864 1737,
447 3796 627 3864 Havcrkamp
647 3799 725 3860 1742,
744 3793 840 3847 Foulis
860 3798 937 3861 1749,
959 3800 1025 3850 1777
1034 3795 1052 3860 ²,
1071 3793 1144 3848 aliis.

420 3888 447 3956 2)
467 3885 582 3941 Charles
601 3885 636 3938 de
654 3883 782 3951 Brosses,
803 3881 942 3950 „histoire
961 3883 996 3936 de
1015 3883 1044 3936 la
1062 3883 1228 3953 republique
1246 3883 1383 3938 Romaine
1402 3884 1472 3940 dans
1490 3883 1518 3937 le

348 3992 429 4029 cours
449 3975 483 4029 de
501 3974 570 4029 VII⁰
589 3972 674 4028 siecle
692 3989 744 4042 par
763 3971 906 4026 Salluste“
928 3977 1005 4039 1777,
1028 3989 1111 4039 quem
1130 3971 1234 4026 librum
1251 3971 1404 4028 Teutonice
1428 3972 1519 4028 edidit

351 4063 480 4117 Schlorer
501 4062 622 4130 rsioln.

421 4154 449 4222 3)
466 4150 552 4219 Kritz,
571 4151 629 4219 „de
645 4150 673 4204 Ο.
685 4149 802 4204 Sallusti
816 4149 907 4220 Crispi
921 4149 1087 4219 fragmentis
1103 4166 1120 4204 a
1134 4151 1162 4206 C.
1178 4149 1327 4205 Debrossio
1347 4150 1377 4204 in
1391 4150 1518 4205 ordinem

349 4240 469 4310 digestis
488 4257 635 4309 rerumque
655 4241 799 4309 gestarum
818 4241 950 4294 contexta
967 4240 1128 4294 narratione
1147 4238 1318 4292 illustratisu
1340 4247 1414 4296 1829.
1435 4239 1517 4308 „Sal-

349 4329 417 4382 lusti
437 4332 543 4397 opera“
564 4328 772 4398 vol.lll,1853.
793 4335 861 4383 1856
871 4329 888 4382 ².

422 4421 449 4489 4)
467 4419 500 4472 a.
519 4418 647 4486 Dietsch,
666 4417 807 4487 „Sallusti
826 4435 898 4486 quae
918 4419 1089 4487 supersunt“
1107 4418 1162 4472 vol.
1178 4417 1211 4485 ll,
1228 4423 1305 4474 1859.

422 4511 449 4576 ὁ)
470 4506 695 4576 „Commentatio
715 4508 750 4561 de
766 4507 882 4561 Sallusti
900 4506 967 4562 libri
980 4507 1018 4560 III
1037 4506 1225 4576 fragmentis‘*
1246 4507 1340 4562 18352.
1365 4505 1518 4576 „Epistula

354 4597 391 4652 ad
409 4598 453 4652 Fr.
473 4595 611 4651 Kritzium
631 4595 665 4651 de
685 4595 802 4652 Sallusti
820 4594 886 4650 hist.
905 4594 954 4650 lib.
968 4594 994 4648 II
1013 4593 1161 4664 reliquiis“
1182 4601 1258 4651 1852.
