3296 5422
838 465 1058 532 -38-

328 667 333 679 ·
363 627 523 692 ‘infelices
546 628 735 692 cadaverum
758 625 910 710 reliquias
933 623 1040 690 sallire
1067 649 1134 692 non
1156 625 1332 691 dubitavit’
1357 649 1374 689 e
1397 623 1472 690 Sall.
1497 626 1536 690 fr.

363 732 463 799 1116:
493 733 604 799 ‘Parte
637 737 827 817 consumpta
854 731 978 816 reliqua
1006 733 1195 798 cadaverum
1222 733 1262 796 ad
1289 731 1537 798 diuturnitatem

364 864 441 906 usus
474 840 641 906 sallerent’
672 839 775 924 petita
802 862 871 904 esse
904 844 1049 924 apparet3
1081 840 1191 924 itaque
1218 839 1372 906 Sallustio
1400 839 1537 904 debetur

366 947 458 1012 fonti.
508 947 663 1012 Eiusdem
694 945 741 1010 rei
768 945 965 1011 mentionem
993 969 1120 1031 quoque
1148 946 1226 1011 facit
1253 945 1449 1012 Iuvenalis
1477 951 1536 1010 sat.

363 1053 424 1118 XV
443 1055 485 1118 93
496 1076 542 1137 sq.
571 1092 612 1099 —
640 1051 788 1136 Denique
810 1051 861 1117 IX
881 1053 940 1138 15,
963 1056 984 1118 3
1012 1053 1065 1138 (dc
1088 1053 1156 1118 filio
1180 1051 1315 1118 Sertorii
1341 1049 1439 1139 falso)
1467 1075 1537 1117 rem

362 1158 462 1224 tradit
485 1158 613 1224 aliunde
636 1181 702 1224 non
723 1162 843 1224 notam.

451 1267 588 1332 Restant
610 1265 745 1330 minoris
768 1264 924 1330 momenti
948 1265 1078 1350 quidam
1102 1265 1283 1351 scriptores
1302 1287 1320 1330 e
1338 1265 1456 1350 quibus
1475 1266 1538 1350 pri-

364 1396 455 1438 mum
486 1373 637 1437 adeamus
668 1371 823 1437 Florum
855 1369 890 1436 ΙΙ
921 1374 973 1436 10.
1033 1371 1095 1448 Qui
1127 1372 1307 1456 complures
1338 1373 1400 1437 hoc
1432 1373 1538 1456 capite

366 1479 528 1544 commisit
547 1501 680 1564 errores,
699 1478 782 1544 sicut
800 1478 950 1544 Baleares
973 1477 1094 1543 insulas
1117 1501 1175 1563 pro
1193 1478 1360 1563 Pithyusis
1382 1478 1539 1562 nominat,

366 1586 479 1650 deinde
502 1585 684 1651 Domitium
711 1585 864 1650 rhetorici
891 1585 1016 1650 flosculi
1040 1607 1135 1650 causa
1157 1585 1242 1651 inter
1264 1586 1390 1672 legatos
1412 1585 1538 1650 Metelli

362 1697 512 1758 numerat
535 1697 578 1779 (v.
602 1690 721 1779 supra).
758 1691 836 1756 Mox
858 1691 997 1756 oratorie
1023 1691 1225 1757 ‘Hirtuleios’
1249 1697 1479 1758 commemorat
1502 1696 1540 1756 ut
1586 1737 1594 1757 .
1621 1697 1622 1728 ³

364 1799 526 1886 significet
556 1797 755 1864 Hirtuleium
791 1801 1007 1883 quaestorem,
1039 1797 1239 1864 Herennium
1275 1799 1395 1865 aliosve
1427 1797 1538 1882 duces3

368 1929 431 1992 qua
458 1905 547 1971 Flori
575 1928 651 1970 voce
680 1903 838 1991 decepti¹)
867 1903 999 1970 Orosius
1027 1909 1123 1989 atque
1147 1910 1242 1970 auct.
1270 1905 1299 1970 d.
1328 1905 1393 1970 vir.
1417 1905 1470 1970 ill.
1495 1907 1538 1970 63

365 2015 497 2079 ‘fratres
520 2001 716 2077 Hirtuleios’
743 2011 784 2076 ad
810 2010 981 2098 Segouiam
1007 2017 1153 2080 mortuos
1181 2035 1250 2077 esse
1278 2012 1340 2077 sibi
1362 2013 1540 2096 finxerunt,
1622 2029 1623 2044 ³

364 2124 398 2184 at
421 2119 551 2184 omnino
578 2142 644 2185 non
668 2119 784 2184 fratres
807 2118 986 2183 sedunum
1008 2117 1207 2202 Hirtuleium
1231 2119 1375 2184 extitisse
1400 2140 1417 2182 e
1439 2116 1539 2182 Fron-

363 2227 443 2310 tin0,
456 2225 558 2311 Livio,
572 2225 725 2290 Sallustio
745 2225 824 2290 satis
842 2246 1000 2309 superque
1020 2225 1131 2290 elucet.
1146 2224 1314 2290 Postremo
1334 2246 1415 2309 quae
1429 2229 1541 2290 narrat

364 2334 403 2397 de
427 2331 521 2415 Osca,
544 2333 722 2416 Termeste,
750 2330 878 2416 Clunia,
899 2330 1063 2414 Valentia,
1086 2331 1220 2416 Uxama,
1244 2331 1412 2418 Calagurri
1435 2353 1454 2394 a
1475 2331 1540 2394 Ro·

364 2439 468 2505 manis
491 2438 633 2504 subactis
640 2489 649 2524 ,
676 2461 749 2504 cum
772 2437 964 2503 conveniant
992 2459 1064 2504 cunr
1086 2438 1190 2523 Exup.
1214 2462 1244 2523 p.
1263 2440 1293 2523 5,
1314 2435 1402 2524 16²),
1425 2438 1541 2503 discre-

364 2551 443 2632 pent
466 2547 507 2612 ab
526 2545 640 2612 Oresio
659 2545 690 2610 V
709 2548 761 2629 23,
779 2547 814 2610 4;
838 2545 1040 2610 ‘civitatibus
1063 2568 1138 2610 vero
1158 2536 1282 2611 cunctis
1305 2545 1391 2611 ultro
1415 2567 1452 2610 ac
1470 2543 1542 2608 sine

365 2675 456 2718 mora
478 2675 535 2737 per
555 2651 750 2716 deditionem
773 2651 911 2737 acceptis
935 2651 1015 2715 duae
1038 2655 1166 2716 tanturn
1189 2651 1387 2736 restiterunt,
1410 2651 1471 2716 hoc
1490 2655 1542 2715 est

365 2760 492 2826 Uxama
515 2762 547 2822 et
572 2757 754 2844 Calagurris
762 2758 782 2842 ',
805 2780 822 2822 e
845 2757 998 2822 Sallustio
1021 2757 1130 2822 addita
1153 2763 1237 2824 sunt.

453 2864 681 2930 Strabonem
717 2864 808 2930 cuius
849 2865 1135 2949 hypomnematum
1171 2864 1362 2951 fragmentis
1400 2865 1541 2930 72-75

364 2970 462 3061 (Ott.)
486 2972 524 3036 de
544 2971 629 3036 bello
648 2970 832 3037 Sertoriano
852 2971 969 3057 agitur,
991 2971 1097 3036 varios
1115 2977 1262 3037 auctores
1281 2971 1464 3036 adhibuisse
1482 2995 1542 3056 per
1624 2975 1625 3054 ᾗ

366 3102 400 3144 se
422 3083 521 3164 patet.
557 3077 606 3142 Ac
628 3078 769 3162 primum
792 3078 830 3142 de
849 3077 992 3144 Sertorio
1015 3078 1050 3142 in
1067 3078 1171 3163 Libya
1193 3083 1339 3144 morante
1363 3077 1416 3166 (fr.
1442 3080 1484 3144 72
1509 3082 1542 3142 et

365 3186 450 3271 apud
468 3185 553 3249 Plut.
572 3183 652 3250 Sert.
672 3181 708 3270 9)
732 3183 907 3250 Tanusium
930 3183 1101 3250 Geminum
1109 3182 1135 3273 ³)
1158 3185 1276 3250 laudat.
1312 3184 1446 3250 Maximi
1465 3189 1542 3249 sunt

367 3293 480 3358 deinde
508 3292 663 3358 momenti
691 3313 772 3376 quae
800 3292 838 3355 fr.
858 3293 900 3356 73
925 3295 958 3355 et
981 3292 1043 3356 74⁸
1066 3291 1105 3354 de
1127 3291 1300 3376 postremis
1322 3291 1456 3357 Sertorii
1478 3292 1542 3356 no-

368 3421 600 3484 manorumque
627 3398 746 3484 pugnis
772 3402 958 3481 narrantur,
985 3397 1041 3462 sed
1068 3420 1164 3482 quem
1191 3398 1232 3462 ad
1259 3399 1382 3464 fontem
1409 3398 1543 3462 redeant

367 3530 435 3573 non
456 3507 568 3590 liquet.
617 3504 712 3591 Freg.
732 3504 794 3570 74¹³
818 3503 872 3592 (de
895 3503 1012 3569 Dianio
1039 3501 1152 3590 portu)
1179 3505 1317 3570 fortasse
1341 3527 1380 3570 ex
1403 3504 1477 3570 Sall.
1501 3506 1541 3570 fr.

366 3614 382 3679 I
402 3615 442 3678 77
468 3617 501 3676 et
523 3612 560 3676 fr.
581 3612 623 3677 75
642 3610 696 3700 (de
719 3610 860 3695 tropaeis
884 3633 902 3674 a
920 3611 1075 3695 Pompeio
1094 3608 1224 3697 positis)
1249 3634 1266 3676 e
1285 3611 1359 3678 Sall.
1378 3611 1416 3676 fr.
1431 3610 1478 3678 IV
1496 3614 1540 3678 29

365 3719 519 3808 (quocum
542 3718 687 3783 conferas
709 3717 813 3801 Exup.
836 3741 867 3802 p.
886 3718 917 3802 5,
937 3715 993 3803 18)
1016 3718 1169 3782 haustum
1192 3722 1249 3782 est.

454 3823 606 3890 Plinius
627 3847 658 3889 n.
677 3825 708 3890 h.
731 3822 794 3890 VH
812 3825 944 3890 95-96
968 3824 1006 3889 de
1029 3823 1144 3888 iisdem
1166 3825 1307 3910 tropaeis
1331 3825 1459 3890 disserit
1481 3826 1539 3889 sed

366 3933 470 3998 multo
494 3930 655 4015 copiosius
685 3953 782 4015 quam
805 3929 977 3996 Sallustius
1004 3953 1041 3994 ac
1064 3929 1192 4015 Strab03
1216 3953 1288 3996 oum
1311 3935 1420 3996 autem
1442 3932 1540 3996 index

365 4042 493 4124 praeter
522 4036 705 4103 Cornelium
732 4036 893 4122 Nepotem
919 4036 1047 4102 Livium
1074 4037 1243 4122 praecipue
1265 4039 1418 4125 appellet,
1441 4044 1538 4124 atque

459 4233 484 4300 1)
503 4229 602 4298 Neque
621 4246 687 4285 vcro
705 4229 798 4286 minus
816 4231 893 4286 recte
911 4230 1127 4286 hunc'errorcm
1145 4229 1286 4301 epitomae
1300 4230 1435 4288 Livianae
1455 4229 1536 4287 attri-

367 4320 452 4388 buas,
472 4335 507 4373 ex
524 4335 581 4387 qua
599 4320 649 4372 aut
667 4320 724 4373 tres
742 4318 787 4373 illi
807 4323 857 4374 aut
876 4319 991 4375 Orosius
1008 4318 1196 4389 Aureliusque
1214 4321 1377 4376 hauserunt.

457 4412 484 4476 2)
503 4407 564 4464 Hoc
583 4407 698 4476 quidem
715 4407 775 4464 iarn
792 4408 897 4464 Linker
914 4409 1034 4478 viderat,
1052 4425 1144 4477 neque
1161 4409 1254 4464 minue
1273 4409 1361 4479 Heyn.
1380 4428 1407 4479 p.
1423 4416 1466 4466 52.

457 4501 484 4566 3)
504 4499 638 4570 Γαβίνιος
654 4498 701 4552 vel
717 4500 849 4562 Τανίσιος
867 4498 956 4568 codd,
978 4497 1117 4560 Τανύσιος
1134 4497 1206 4552 coni.
1220 4497 1306 4552 Nicea
1320 4497 1350 4552 in
1366 4497 1437 4553 Mus,
1448 4497 1537 4552 Rhen.

367 4585 510 4642 XXXVIII
524 4593 584 4642 601.
