3296 5422
616 461 833 524 „17-

139 617 297 701 discrepat
320 618 512 682 Plutarchus
540 620 580 683 ab
608 617 770 703 Appiano,
802 619 965 703 cumipse
989 617 1111 683 Sullam
1137 619 1310 703 phthiriasi

138 723 340 788 laborantem
377 747 416 788 ex
448 725 630 789 vehementi
662 725 760 789 animi
797 725 1010 790 commotione
1043 730 1205 790 mortuum
1242 748 1310 790 esse

139 831 254 913 tradat,
277 831 330 895 hic
353 834 462 894 autem
485 831 514 893 b.
530 852 554 893 c.
569 828 593 914 I,
610 831 673 895 105
696 831 779 894 febri
798 835 980 914 correptum
998 829 1121 894 Sullam
1139 831 1311 896 decessisse

138 941 254 1000 narret.
300 936 338 1001 In
360 936 532 1021 phthiriasi
556 936 699 1022 urgenda
717 937 908 1001 Plutarchus
927 937 1087 1001 consentit
1110 941 1182 1000 cum
1205 937 1311 1002 Plinio

138 1043 213 1107 hist.
237 1049 301 1108 nat.
320 1043 465 1128 XXXVI,
488 1048 508 1124 ξ
529 1046 605 1128 138,
627 1043 786 1108 Pausania
808 1043 899 1128 120,
919 1047 947 1128 7,
975 1048 1104 1108 auctore
1127 1044 1165 1108 de
1185 1045 1241 1108 vir.
1266 1045 1310 1110 ill.

140 1152 190 1216 75.
212 1191 252 1198 -
272 1151 447 1216 Pausanias
467 1150 507 1213 ad
526 1173 621 1234 quem
639 1151 748 1214 redeat
767 1155 930 1214 auctorem
944 1152 1111 1216 decernere
1125 1151 1180 1215 vix
1193 1152 1309 1237 ausim3

139 1257 305 1322 Plutarchi
334 1263 442 1322 autem
469 1261 502 1320 et
528 1256 810 1339 Pseudo-Victoris
838 1257 1047 1344 congruentia
1078 1257 1229 1321 facillime
1260 1282 1310 1323 ex-

140 1364 322 1448 plicabitur,
345 1364 372 1428 si
391 1364 470 1428 haec
489 1386 505 1427 e
526 1362 673 1428 Cornelio
691 1363 827 1449 Nepote,
851 1387 946 1448 quem
964 1386 983 1426 a
1000 1363 1173 1429 Plutarcho
1192 1365 1311 1430 lectum

139 1494 208 1536 esse
236 1476 375 1555 constat,
402 1471 518 1534 hausta
546 1493 615 1535 esse
642 1470 873 1556 putaverimus,
899 1481 1003 1554 neque
1031 1470 1117 1534 enim
1142 1471 1310 1536 ridiculam

139 1579 221 1642 hanc
244 1578 386 1642 fabulam
394 1574 419 1663 ¹)
443 1577 609 1661 Sallustio,
637 1577 863 1663 Posidoniove,
887 1577 1038 1664 gravibus
1062 1577 1126 1641 illis
1150 1577 1309 1661 scriptori-

139 1686 200 1749 bus
227 1684 387 1748 vindicare
414 1684 498 1748 licet.
548 1684 674 1748 Plinius
701 1707 796 1769 porro
827 1685 860 1749 in
887 1685 983 1749 huius
1011 1684 1086 1748 libri
1114 1682 1217 1746 indice
1245 1705 1309 1746 non

139 1792 269 1856 exhibet
298 1791 474 1875 auctorem,
505 1792 590 1876 apud
621 1814 717 1875 quem
744 1791 887 1855 fabulam
913 1791 1074 1875 repperire
1102 1789 1222 1875 potuit3
1254 1789 1310 1852 sed

139 1899 271 1962 eandem
303 1920 370 1962 rem
403 1890 463 1961 etsi
491 1897 633 1981 brevius,
666 1897 926 1962 commemoravit
953 1897 1051 1961 etiam
1076 1895 1167 1980 VIII,
1196 1896 1221 1976 ξ’
1236 1897 1309 1978 138,

138 2005 194 2069 ubi
219 2005 385 2069 Cornelius
407 2003 517 2088 Nepos
540 2003 574 2066 in
597 2003 700 2067 indice
723 2004 908 2068 nominatus
931 2008 988 2067 est.
1033 2003 1102 2067 lam
1124 2003 1196 2087 quis
1220 2002 1309 2065 dubi-

138 2116 199 2196 tet,
227 2112 305 2196 quin
332 2111 471 2194 Plinius,
498 2109 762 2198 Pseudo-Victor,
787 2111 982 2186 ¹Plutarchus
1009 2133 1078 2174 rem
1105 2131 1122 2173 e
1149 2107 1308 2196 Nepote²)

138 2217 354 2303 sumpserint?
390 2217 439 2281 De
462 2217 576 2280 ultima
594 2216 701 2281 Sullae
720 2217 833 2282 mortis
853 2240 956 2302 causa,
974 2217 1096 2281 scilicet
1115 2217 1205 2280 dere
1225 2217 1309 2280 inter

137 2347 210 2388 eum
229 2347 266 2388 ac
285 2323 439 2389 Granium
462 2323 665 2387 duumvirum
689 2324 867 2408 commissa,
894 2328 1039 2389 accurate
1063 2324 1213 2410 congruit
1235 2324 1308 2388 Plu-

137 2432 267 2496 tarchus
290 2454 363 2495 cum
381 2430 511 2495 Valerio
534 2430 675 2494 Maximo
699 2429 745 2494 IX
763 2433 793 2514 3,
812 2433 846 2515 83
874 2431 962 2494 velut
984 2431 1055 2496 Val.
1075 2432 1157 2495 Max.
1183 2431 1307 2495 ‘Immo-

137 2539 247 2602 derato
261 2538 348 2602 vocis
367 2537 489 2621 impetu
509 2537 660 2600 convulso
674 2537 815 2621 pectore’
830 2537 868 2602 cf.
888 2559 961 2601 cum
975 2537 1059 2601 Plut.
1073 2547 1112 2622 τῇ
1128 2534 1165 2602 δὲ
1178 2547 1305 2623 κραυγῇ

136 2645 189 2710 καὶ
226 2655 271 2734 τῷ
304 2653 484 2731 σπαραγμῷ
523 2643 573 2707 vel
605 2643 675 2707 Val.
707 2643 790 2706 Max.
825 2642 991 2728 ‘Spiritum
1024 2666 1136 2708 cruore
1169 2645 1307 2708 mixtum

137 2751 289 2814 evomuit'
313 2773 386 2832 cum
408 2749 506 2813 Plut.:
525 2756 654 2832 πλῆθος
672 2751 807 2834 αἵματος
826 2749 988 2834 ἐξέβαλεν.
1025 2749 1094 2827 Quo
1114 2773 1130 2814 e
1150 2773 1306 2816 consensu

36 2931 40 2938 Ι
135 2879 239 2941 neque
271 2856 377 2920 minus
410 2879 427 2919 e
457 2855 651 2920 narrationis
687 2857 820 2920 oonsilio
853 2855 960 2921 Sullae
994 2857 1123 2920 inimico
1161 2857 1306 2921 concludi

135 2965 230 3028 liceat
253 2965 335 3027 hanc
354 2985 422 3026 rem
441 2963 481 3025 ab
500 2967 636 3047 utroque
655 2985 672 3026 e
691 2961 843 3028 Sallustio
862 2963 1010 3026 haustam
1029 2986 1106 3027 esse.
1138 2963 1305 3028 Postremo

135 3071 220 3134 vitae
244 3069 392 3134 Sullanae
415 3069 518 3153 capite
542 3091 615 3133 oum
632 3069 777 3153 Pompeii
799 3069 904 3154 gratia
927 3092 963 3133 ao
981 3092 1116 3154 persona
1135 3069 1306 3133 admodum

136 3181 324 3263 urgeantur,
347 3175 487 3260 Livium,
510 3175 724 3260 Pompeianus
747 3175 802 3259 qui
822 3175 926 3239 dictus
950 3181 1011 3260 est,
1033 3199 1093 3240 nos
1112 3180 1220 3239 tenere
1239 3199 1306 3240 sus-

135 3283 235 3366 picari
258 3304 436 3366 possumus.
486 3281 595 3344 Etiam
622 3303 672 3364 ea,
700 3302 780 3364 quae
803 3281 988 3344 Licinianus
1011 3304 1112 3366 usque
1135 3283 1175 3346 ad
1198 3282 1304 3348 Sullae

136 3393 273 3453 mortem
299 3392 417 3470 narrat,
440 3410 457 3450 e
480 3387 572 3451 Livio
596 3409 759 3450 emanasse
784 3410 880 3470 supra
902 3387 967 3450 iam
990 3390 1248 3454 commemoravi:
1272 3395 1304 3454 et

134 3496 279 3580 profecto
308 3494 456 3558 convenit
483 3516 556 3558 oum
586 3494 698 3557 eodem
725 3493 931 3558 Plutarchus:
965 3499 1033 3560 Τοῦ
1059 3498 1164 3580 πυρὸς
1190 3496 1304 3562 ἀπιόν-

134 3627 190 3679 τος
222 3601 403 3688 ἐκχυθῆναι
431 3603 538 3666 πολὺν
566 3603 693 3686 ὄμβρον
715 3599 771 3664 καὶ
800 3612 973 3686 κατασχεῖν
1001 3604 1076 3687 ἄχρι
1103 3606 1236 3686 νυκτός,
1265 3604 1303 3666 cl

135 3707 229 3772 Gran.
252 3732 283 3792 p.
301 3710 354 3792 42,
376 3706 415 3770 Α.
437 3707 491 3771 15:
515 3705 625 3770 ‘Cuius
648 3728 729 3792 rogo
752 3729 850 3790 quom
873 3706 959 3792 ignis
983 3712 1067 3771 esset
1090 3707 1218 3792 inlatus
1238 3732 1304 3773 non

134 3813 303 3894 mediocris
326 3813 429 3877 imber
452 3817 501 3877 est
524 3813 708 3879 insecutus?

223 3920 346 3986 Deinde
370 3919 561 3984 Plutarchus
585 3920 619 3983 in
641 3919 786 4004 Pompeii
810 3919 877 3984 vita
900 3943 924 3986 c.
946 3923 1053 3985 1-16
1082 3921 1120 3984 de
1143 3923 1239 3987 rebus
1262 3922 1303 3986 ab

134 4065 347 4074 ——-——-.-.-—--

134 4131 298 4186 mulierum'
325 4131 396 4201 (scil.
421 4147 500 4185 amor
526 4130 572 4185 vel
595 4129 723 4199 cupido),
746 4132 777 4184 et
798 4130 831 4184 fr.
850 4131 863 4182 Ι
881 4130 961 4186 29D:
986 4131 1067 4184 ‘Mox
1089 4132 1172 4186 tanta
1194 4130 1304 4201 flagitia

133 4219 164 4272 in
183 4219 236 4272 tali
254 4219 314 4275 viro
333 4220 421 4288 pudet
439 4219 548 4274 dicere’
571 4219 616 4288 (cf.
636 4218 728 4273 Schol.
748 4217 830 4274 Gron.
849 4237 876 4288 p.
891 4225 943 4272 434
963 4218 1067 4288 orell).

224 4310 251 4376 1)
270 4308 332 4361 Iure
355 4309 512 4364 Mommsen
535 4307 651 4377 negavit
675 4324 807 4376 umquam
832 4306 960 4362 extitisse
983 4308 1070 4362 talem
1094 4308 1222 4361 morbum
1247 4307 1303 4362 nisi

133 4396 164 4449 in
181 4398 276 4450 mente
295 4396 478 4452 credulorum.

224 4487 252 4555 2)
270 4484 385 4556 Kuyper
402 4485 420 4541 l.
440 4485 458 4540 l.
477 4503 504 4555 p.
521 4492 572 4541 120
591 4484 733 4555 Sallustio,
752 4485 858 4538 Amold
876 4485 928 4542 1.1.
947 4503 973 4553 p.
991 4490 1041 4540 109
1055 4485 1232 4540 Fenestellae
1251 4485 1302 4538 tri-

133 4572 267 4642 buerunt,
286 4577 403 4643 uterque
423 4591 488 4628 vero
508 4574 567 4629 sine
586 4575 643 4629 ullo
663 4577 836 4644 argumento.

188 4673 365 4726 Sallustius,
380 4675 414 4714 ed.
426 4675 624 4714 Maurenbrecher.
639 4675 657 4714 1.
1072 4669 1088 4715 2
