3296 5422
634 448 828 511 -5-

147 605 311 669 Donatum
334 604 382 692 (et
405 605 439 668 in
462 605 661 670 Terentienis
689 605 927 670 commentariis
955 609 987 670 et
1014 605 1047 669 in
1071 610 1139 670 arte
1162 593 1339 692 gramma-i

146 709 239 798 tica),
268 711 407 776 Marium
434 711 651 796 Victorinum,
682 713 903 798 Rufinianum,
937 711 1133 777 Arusianum
1167 713 1317 798 Massam,

147 817 293 883 Servium
301 816 327 905 ¹)
357 817 443 903 ipses
474 818 571 882 etiam
600 818 753 890 historias
782 819 901 884 vidisse
930 819 1066 884 forsitan
1096 820 1318 905 concedamus3

147 924 203 988 sed
220 924 399 1009 plerosque,
419 924 502 990 sicut
521 924 701 990 Charisium
720 925 980 1012 Diomedemque,
999 925 1117 991 artium
1136 925 1316 1011 scriptores,

148 1030 315 1095 Claudium
349 1031 526 1116 Donatum,
560 1031 698 1117 Vergilii
733 1033 955 1118 interpretem,
991 1037 1154 1098 auctorem
1190 1033 1317 1096 institu-

147 1137 285 1223 tionum,
314 1161 394 1222 quae
418 1138 516 1202 Probi
539 1139 668 1203 nomine
692 1139 773 1203 falso
797 1139 969 1223 inscriptae
997 1144 1085 1223 sunt,
1108 1139 1316 1223 Macrobium,

146 1244 341 1308 Martianum
361 1243 532 1329 Capellam,
556 1245 751 1310 scholiorum
775 1249 807 1309 et
830 1246 870 1309 ad
889 1244 984 1309 Statii
1003 1245 1198 1310 Thebaidem
1222 1250 1254 1309 et
1277 1247 1317 1309 ad

146 1350 306 1415 Iuvenalis
329 1351 444 1416 satiras
468 1355 614 1415 auctores
638 1375 677 1416 ex
700 1351 740 1416 iis
763 1351 858 1436 primi
883 1352 1051 1416 secundive
1072 1352 1188 1416 saeculi
1213 1375 1316 1437 gram·

145 1457 284 1542 maticis,
308 1457 425 1542 quibus
450 1481 577 1522 omnem
599 1459 666 1522 fere
691 1458 869 1523 doctrinam
893 1458 1023 1543 debent,
1052 1458 1148 1522 etiam
1172 1458 1315 1522 Sallustii
1359 1524 1361 1528 .

145 1566 243 1630 verba
274 1564 403 1628 laudata
435 1564 609 1648 sumpsisse
645 1587 739 1629 nemo
773 1564 834 1628 erit
871 1565 949 1648 quin
981 1588 1105 1630 mecum
1136 1565 1315 1629 contendat.

145 1671 232 1749 Quae
260 1671 287 1734 si
315 1671 361 1734 its
389 1674 477 1755 sunt,
505 1671 602 1735 etiam
630 1671 824 1756 posteriores
852 1672 1092 1758 grammaticos,
1121 1671 1316 1757 cledonium,

145 1777 348 1862 Pompeium,
372 1777 593 1863 Consentium,
616 1778 770 1863 Phocam,
798 1778 1051 1864 Philargyrium,
1074 1777 1316 1864 Priscianum2),

145 1884 334 1969 Eutychem,
359 1884 547 1949 scholiastes
571 1867 918 1969 commentatoremque
938 1885 971 1950 in
989 1885 1110 1950 Lucani
1133 1885 1317 1949 Pharsalica

144 1991 230 2075 ipsas
257 2013 322 2055 non
350 1991 525 2074 inspexisse
553 1991 705 2056 historias
732 2015 789 2076 per
817 2015 850 2055 se
877 1997 933 2075 pat
953 1997 974 2056 t.
1030 1991 1165 2076 Septimi
1197 1992 1314 2056 saeculi

144 2098 373 2184 grammaticus
403 2098 607 2162 doctissimus
637 2098 699 2162 fuit
722 2098 877 2183 Isidorus,
908 2098 962 2182 qui
993 2099 1177 2182 saepissime
1206 2099 1315 2162 laudat

144 2205 287 2270 Sallustii
324 2205 434 2289 verba3
471 2205 526 2270 sed
562 2205 648 2269 hunc
684 2205 854 2289 plerosque
891 2205 964 2270 illos
1001 2205 1089 2270 locos
1122 2229 1139 2270 e
1169 2205 1279 2271 Servio
1287 2204 1313 2290 ³)

143 2312 337 2397 prompsisse
362 2312 508 2396 equidem
533 2312 790 2376 existimaverim.

232 2419 393 2483 Discimus
421 2419 522 2504 igitur
550 2419 647 2482 etiam
674 2419 858 2483 ‘doctorum
890 2419 985 2482 corda
1012 2419 1170 2484 virorum'
1200 2425 1314 2504 quarto

143 2525 336 2610 ineunteque
364 2525 476 2610 quinto
505 2525 631 2589 saeculo
654 2524 862 2589 historiarum
890 2525 984 2609 plane
1012 2527 1078 2590 fere
1108 2527 1209 2590 oblita
1233 2549 1315 2612 esse,

144 2632 273 2696 omnino
311 2636 418 2697 autem
455 2637 532 2697 tunc
569 2633 639 2717 ipsa
675 2632 868 2716 scriptorum
902 2656 998 2717 opera
1030 2634 1174 2698 evolvere
1207 2657 1313 2719 super-

143 2741 293 2804 sederunt
316 2740 463 2806 homines
486 2741 628 2806 barbari:
657 2741 765 2824 itaque
793 2741 959 2824 perierunt
987 2764 1050 2805 una
1073 2765 1146 2806 cum
1169 2740 1313 2806 Sallustii

142 2847 287 2912 historiis
314 2847 444 2932 plurimi
472 2852 543 2912 tum
565 2848 662 2933 Livii,
684 2841 840 2912 Varronis
870 2847 1007 2912 aliorum
1034 2848 1118 2913 libri.
1148 2886 1192 2894 —
1221 2849 1313 2914 Unus

142 2959 250 3018 tamen
274 2954 371 3018 etiam
398 2954 606 3019 historiarum
629 2955 728 3018 codex
755 2950 872 3039 paullo
892 2955 1014 3019 diutius
1042 2960 1219 3040 supererat,
1247 2978 1312 3019 sae·

142 3062 214 3126 culo
244 3065 358 3146 quarto
386 3061 437 3125 vel
464 3061 577 3146 quinto
606 3065 766 3146 exaratus,
795 3061 878 3126 sicut
905 3060 1060 3149 Hauler⁴)
1088 3085 1127 3126 ex
1155 3061 1312 3146 scriptura

142 3191 238 3254 reque
263 3169 511 3254 orthographica
535 3170 790 3254 fragmentorum
818 3168 886 3232 iure
910 3169 1103 3233 conclusisse
1126 3169 1205 3233 mihi
1229 3168 1311 3232 vide·

143 3279 208 3359 tur;
236 3275 412 3338 sedetiam
439 3275 491 3339 hic
519 3298 604 3339 nono
632 3276 698 3339 fere
727 3275 853 3339 saeculo
882 3298 901 3338 a
923 3275 1063 3340 dementi
1086 3276 1224 3359 quodam
1247 3299 1311 3339 mo-

142 3382 245 3446 nacho
264 3381 454 3445 dilaceratus
474 3386 523 3446 est
541 3382 731 3468 singulaque
750 3381 819 3446 eius
837 3381 915 3446 folia
934 3382 1037 3447 denuo
1056 3383 1210 3467 rescripta
1229 3387 1313 3448 sunt.

143 3489 241 3554 Cuius
269 3487 344 3552 libri
375 3489 554 3573 complures
581 3488 757 3572 particulae
784 3489 929 3572 quamvis
957 3489 1091 3573 lacerae,
1122 3490 1311 3575 gravissimo

142 3601 250 3661 tamen
273 3599 449 3680 momento,
472 3595 590 3680 partim
611 3595 736 3678 pridem
759 3594 823 3658 iam
845 3599 988 3680 repertae
1012 3595 1208 3682 (fragmenta
1231 3620 1311 3680 quac

142 3715 231 3723 -ι--
248 3717 284 3722 ..-
294 3707 355 3722 ...ἠ-..Δ

232 3773 258 3841 1)
277 3771 333 3825 Sed
350 3770 424 3824 hunc
438 3770 552 3838 multos,
570 3767 626 3823 nisi
639 3769 712 3824 forte
728 3785 825 3824 omnes
839 3769 925 3837 locos,
944 3785 1014 3838 quos
1033 3785 1049 3824 e
1065 3769 1199 3826 Sallustio
1220 3770 1309 3840 affert,

141 3879 174 3916 ex
193 3859 294 3931 Asperi
312 3858 522 3915 commentariis
540 3857 668 3913 hausisse
692 3857 824 3926 equidem
847 3875 904 3914 non
921 3857 1096 3927 negaverim,
1121 3859 1156 3916 ef.
1175 3859 1283 3915 Teuffel
1300 3863 1311 3893 ⁵

140 3969 167 4020 p.
184 3955 261 4004 1100.

230 4041 257 4106 2)
276 4039 353 4092 Idem
372 4036 406 4090 de
420 4034 562 4091 Prisciano
578 4035 647 4090 satis
661 4034 718 4089 iam
738 4034 941 4090 demonstravit
954 4035 1045 4104 Vogel
1063 4035 1093 4088 in
1109 4038 1163 4090 act.
1179 4054 1244 4091 sem.
1259 4037 1309 4091 Er·

141 4128 218 4196 lang.
236 4127 262 4180 II
280 4145 306 4196 p.
326 4131 386 4182 429.

230 4218 257 4285 3)
275 4216 373 4283 Neque
393 4214 518 4271 Servium
545 4231 635 4284 neque
655 4214 792 4270 Isidorum
810 4216 886 4284 ipsas
907 4213 1073 4284 cognovisse
1099 4213 1232 4269 historias
1259 4233 1308 4271 suo

140 4305 200 4360 iuro
220 4302 366 4359 contendit
383 4305 474 4374 Vogel
491 4323 518 4374 p.
534 4310 594 4360 428.

88 4405 90 4410 '
229 4396 258 4463 4)
277 4393 356 4448 Stud.
370 4391 492 4449 Vindob.
512 4393 575 4448 VIII
594 4413 621 4464 p.
636 4400 696 4450 321.
726 4393 827 4448 Omnia
845 4392 1025 4448 historiarum
1044 4393 1216 4462 fragmenta,
1237 4411 1308 4463 quae

141 4483 265 4536 aetatem
292 4480 429 4548 tulerunt,
462 4482 543 4536 unius
575 4481 642 4536 libri
674 4481 858 4551 manuscripti
890 4481 996 4536 lacinia
1024 4498 1084 4536 esse
1113 4482 1310 4552 comprobavit

140 4571 170 4627 P.
195 4571 307 4640 Kriiger
324 4569 355 4623 in
374 4569 463 4640 „Sall
483 4588 527 4642 op.
546 4571 590 4627 ed.
609 4571 643 4626 H.
663 4571 768 4648 Jordan
784 4571 817 4602 ³¹⁴
836 4573 928 4643 (1887)
945 4590 972 4641 p.
989 4571 1083 4644 lsasac
1102 4571 1166 4626 adn.
