3296 5422
625 483 844 548 ...25„-

148 641 244 727 77176
268 641 302 706 in
319 641 510 726 Hispaniam
529 641 694 706 advenisse
711 641 873 726 putandus
897 645 959 726 est,
982 641 1023 705 ad
1041 639 1220 706 Sertorium
1243 665 1319 707 vero

145 753 259 833 postea
283 750 412 813 demum
435 770 468 812 se
492 748 673 833 applicavit.

235 855 362 921 Novam
386 855 607 939 quaestionem
629 879 733 940 neque
756 855 890 922 minoris
913 855 1070 922 momenti
1092 877 1178 920 nunc
1200 855 1319 942 discep-

146 967 261 1047 temus,
284 985 347 1046 quo
367 985 450 1031 anno
471 961 643 1027 Contrebia
666 962 841 1027 aSertorio
860 967 1044 1048 expugnata
1067 962 1110 1030 sit
1133 967 1319 1048 ceteraeque

145 1093 197 1133 res
220 1069 303 1132 Livii
331 1070 513 1154 fragmento
536 1068 694 1134 Vaticano
722 1068 837 1156 (Hertz
859 1065 915 1155 19)
943 1073 1108 1136 enarratae
1137 1069 1317 1134 acciderint.

144 1176 305 1260 Equidem
318 1176 554 1240 Mommsenum
578 1175 660 1240 falso
679 1175 778 1239 hiemi
799 1177 939 1261 77-76,
962 1180 1048 1241 recte
1067 1174 1319 1262 Drumannum¹)

145 1281 245 1348 hiemi
277 1283 411 1348 76-75
444 1281 630 1346 attribuisse
660 1283 879 1368 fragmentum
909 1281 1070 1367 existimo,
1101 1305 1174 1348 cum
1204 1283 1319 1367 omnia,

76 1371 81 1384 Ι
146 1412 227 1474 quae
251 1393 452 1473 enarrantur,
476 1389 516 1452 ad
538 1389 634 1474 hanc,
656 1411 760 1472 neque
783 1411 858 1453 vero
882 1389 922 1452 ad
945 1387 1034 1452 illam
1057 1389 1221 1472 quadrent.
1263 1389 1319 1453 ut-

146 1497 233 1561 enim
250 1495 398 1581 legimus,
421 1495 486 1562 iam
504 1496 699 1580 Perpernam
718 1495 752 1560 in
770 1495 904 1560 Sertorii
928 1517 997 1560 esse
1017 1495 1170 1561 exercitu:
1191 1500 1227 1565 ¹et
1245 1496 1318 1560 Per-

144 1626 244 1688 perna
263 1601 392 1686 quidcm
411 1603 450 1666 ad
465 1601 643 1668 Sertorium
662 1626 695 1667 se
710 1602 882 1687 applicavit
900 1624 974 1666 vere
993 1603 1068 1668 anni
1085 1605 1134 1668 76.
1158 1603 1320 1687 Perperna

146 1714 254 1774 autem
273 1713 369 1793 atque
388 1709 579 1796 Herennius,
603 1709 658 1794 qui
677 1714 789 1775 contra
806 1709 997 1794 Pompeium
1016 1710 1135 1774 bellare
1160 1710 1319 1795 iubentur,

145 1839 328 1903 pugnavere
346 1839 381 1880 re
399 1839 474 1881 vera
489 1839 572 1882 anno
589 1817 640 1902 75,
659 1815 714 1880 sed
734 1817 771 1880 de
787 1839 898 1880 eorum
917 1839 989 1881 cum
1003 1817 1157 1901 Pompeio
1176 1819 1317 1882 11111116
1390 1855 1392 1860 ·

145 1923 264 2010 pugnis
290 1923 373 1987 nihil
396 1923 522 1988 scimus.
568 1923 692 1987 Deinde
720 1924 803 1987 unde
827 1922 988 1989 Sertorius
1016 1923 1138 2008 ‘neque
1161 1924 1195 1988 in
1218 1923 1319 1988 aciem

145 2032 372 2096 descensurum
393 2054 469 2095 ¹eum
492 2029 548 2118 (sc.
567 2027 772 2115 Pompeium)
796 2031 970 2116 credebat’,
998 2030 1061 2094 nisi
1084 2031 1145 2095 hoc
1169 2030 1319 2096 exclade

146 2139 216 2202 eius
242 2137 440 2204 Lauronensi
468 2137 544 2202 anni
569 2139 609 2203 76
638 2137 816 2202 conclusit?
861 2136 937 2201 Mox
970 2159 1042 2202 cum
1071 2137 1148 2203 dicit
1172 2136 1318 2221 ‘Perper-

145 2270 221 2310 nam
243 2246 278 2310 in
300 2245 496 2310 maritimam
515 2244 680 2330 regionem
699 2243 945 2329 superpositum,
969 2248 1005 2308 ut
1023 2266 1069 2329 ea,
1093 2266 1174 2328 quae
1192 2243 1319 2330 integra

146 2353 249 2417 adhuc
272 2353 313 2416 ab
331 2353 424 2416 hoste
444 2351 522 2437 sint,
545 2351 629 2416 tueri
647 2350 781 2436 posset’,
804 2351 866 2415 boc
884 2350 1016 2415 minime
1035 2351 1098 2416 dici
1116 2351 1223 2435 potuit
1245 2355 1319 2435 post

146 2482 265 2524 annum
290 2462 340 2544 77,
370 2481 434 2542 quo
462 2458 569 2522 omnia
596 2457 738 2523 Sertorio
769 2458 896 2543 integra
926 2463 1030 2543 erant,
1061 2458 1181 2542 optime
1211 2461 1319 2522 autem

146 2567 282 2652 quadrat
309 2566 350 2628 ad
376 2564 515 2629 hiemem
540 2564 649 2650 rosta,
679 2586 752 2628 cum
782 2586 865 2628 anno
890 2566 932 2629 76
962 2565 1142 2648 complures
1172 2565 1319 2629 civitates

145 2672 299 2758 Pompeio
332 2671 519 2736 adveniente
552 2694 571 2734 a
598 2669 740 2735 Sertorio
770 2667 981 2756 defecerint.²)
1030 2671 1154 2736 Eodem
1186 2675 1318 2757 spectat,

146 2781 231 2864 quod
254 2777 415 2844 Sertorius
439 2779 477 2842 de
500 2777 732 2843 Autriconibus
754 2781 924 2841 memorat:
948 2777 1122 2862 ‘aquibus
1146 2801 1239 2862 saepe
1262 2801 1319 2862 per

145 2887 293 2971 hiemem,
312 2908 385 2950 cum
404 2886 444 2949 ab
464 2907 497 2949 se
513 2887 774 2970 oppugnarentur
790 2882 967 2948 Celtiberae
986 2885 1090 2969 urbes,
1113 2884 1319 2969 imploratam

146 3016 215 3058 csse
239 3015 332 3077 opem
350 2990 496 3075 Pompeii
515 2989 743 3076 compererat’;
765 3012 903 3074 namque
920 3013 986 3054 non
1004 2990 1109 3054 hieme
1128 2993 1258 3057 77-76
1277 2991 1318 3054 ad

145 3099 335 3185 Pompeium
358 3098 392 3162 in
411 3096 514 3162 Gallia
536 3101 716 3162 morantem
736 3096 913 3161 Celtiberos
936 3096 1061 3161 misisse
1084 3120 1141 3181 per
1164 3120 1197 3162 se
1220 3101 1276 3182 pat
1296 3102 1317 3160 t.

146 3207 269 3284 Quibus
293 3206 331 3270 de
354 3204 458 3270 causis
481 3205 542 3269 hoc
565 3205 782 3290 fragmentum
805 3203 1055 3269 1111111116-ῖό
1078 3204 1319 3268 attribuendum

146 3336 215 3378 esse
247 3316 335 3397 puto.
390 3310 497 3389 Simul
525 3315 633 3375 autem
670 3310 888 3396 intellegimus
919 3310 1047 3374 Livium
1079 3310 1186 3396 aliqua
1218 3310 1252 3375 in
1283 3333 1318 3374 re

147 3420 326 3504 discrepare
345 3440 364 3481 a
382 3416 544 3502 Sallustio,
567 3439 704 3502 namque
727 3416 781 3481 hic
799 3416 938 3481 hiemem
957 3415 1047 3482 illam
1070 3417 1136 3482 sive
1160 3417 1194 3481 in
1213 3415 1318 3481 Gallia

104 3513 106 3518 ⁵
146 3527 213 3591 sive
239 3547 339 3610 prope
359 3523 500 3589 Galliam
528 3524 698 3609 degentem
725 3522 802 3588 facit
825 3521 1029 3610 Metellum.³)
1073 3522 1184 3587 Livius
1208 3527 1319 3587 contra

145 3632 355 3718 neglegenter
377 3635 487 3695 narrat
509 3629 677 3694 Metellum
704 3629 739 3693 in
761 3629 913 3693 ulteriore
936 3629 1100 3713 provincia
1122 3633 1212 3714 tunc,
1236 3629 1318 3694 sicut

145 3741 252 3822 antea,
275 3737 446 3802 hiemasse:
476 3736 632 3824 ³(litteras
655 3733 758 3821 misit)
782 3740 814 3799 11
843 3734 1043 3799 inalteram·
1057 3733 1255 3820 provinciam
1278 3736 1319 3800 ad
1389 3745 1390 3752 ’

144 3844 179 3908 11.
194 3843 391 3908 Hirtuleium
411 3895 417 3906 .
434 3895 439 3907 .
456 3895 461 3906 .
480 3866 521 3906 ne
540 3843 607 3907 acie
630 3865 703 3907 cum
722 3841 853 3906 Metello
873 3840 1057 3906 dimicaret'
1082 3846 1115 3906 et
1137 3865 1213 3906 mox
1232 3841 1318 3930 ε(1111-

144 3947 285 4036 bitabat)
308 3973 349 4014 an
372 3950 412 4012 ad
434 3949 601 4014 Metellum
624 3953 656 4013 et
679 3948 879 4014 Lusitaniam
902 3970 935 4012 se
959 3947 1151 4013 convertat'.

136 4137 143 4146 ,
233 4055 383 4121 Metellus
411 4055 511 4141 igitur
538 4055 593 4140 qui
621 4055 724 4120 adhue
751 4055 785 4120 in
815 4055 967 4123 ulteriore
997 4054 1163 4139 provincia
1193 4078 1318 4142 semper

237 4251 264 4317 1)
282 4249 321 4303 IV
338 4267 366 4318 p.
381 4253 446 4317 3643
465 4247 533 4302 item
551 4247 663 4302 Dronke
686 4266 713 4317 p.
729 4254 789 4304 506.
809 4280 842 4287 -
861 4249 1067 4303 Mommsenum
1087 4209 1213 4317 sequitur
1231 4249 1317 4304 ltdler

157 4336 202 4394 .l.
242 4342 306 4392 .18.

145 4337 156 4392 1
221 4355 263 4495 pt)
283 4425 322 4482 ef.
341 4425 413 4482 Plut.
434 4426 504 4481 Sert.
522 4432 565 4482 18:
592 4425 662 4481 ὅθεν
686 4426 735 4480 καὶ
757 4425 858 4481 πολλαὶ
884 4434 940 4481 τῶν
963 4425 1018 4481 ὑπὸ
1038 4429 1186 4500 Σερτωρίῳ
1210 4425 1318 4484 πόλεων

147 4512 345 4588 ἀποβλέψασαι
363 4515 433 4585 πρὸς
452 4515 539 4572 αὐτὸν
557 4515 646 4586 ὁρμὴν
665 4517 818 4588 μεταβολῆς
837 4515 925 4586 ἔσχον.

240 4607 266 4674 3)
287 4602 327 4660 cf.
348 4603 415 4659 Sall.
434 4603 507 4664 Hist.
527 4621 570 4676 ep.
590 4604 686 4675 Pomp.
706 4610 751 4672 §9
772 4606 800 4658 et
819 4603 890 4674 App.
910 4605 937 4660 b.
957 4621 980 4658 c.
999 4604 1012 4658 Ι
1028 4610 1097 4662 110.
1223 4655 1225 4660 .
