3296 5422
812 479 1031 541 ..26-

338 643 483 704 versatus
506 641 587 722 erat,
611 637 747 701 exeunte
770 638 915 702 11111176
939 635 1193 722 septentrionem
1215 658 1326 700 versus
1349 637 1515 720 profectus

340 750 397 832 est,
420 747 457 810 ut
480 767 552 810 cum
571 743 725 828 Pompeio
745 765 778 808 se
798 743 1015 829 coniungeret.
1057 743 1125 820 Quo
1145 743 1179 806 in
1197 743 1312 807 itinere
1331 742 1515 808 Hirtuleius

339 852 368 916 ei
392 851 555 917 obstitisse
573 850 708 935 videtur,
732 849 787 914 sed
806 849 971 914 aMetello
989 849 1119 914 Italicae
1138 849 1242 914 victus
1266 847 1351 936 est.¹)
1395 849 1514 914 Falsis-

339 959 418 1023 sime
441 981 516 1023 vero
545 957 606 1021 'viri
634 957 763 1042 quidam
792 954 911 1042 d00u2)
938 957 1020 1020 hanc
1042 955 1184 1020 Hirtulei
1212 956 1334 1022 cladem
1361 979 1444 1021 anno
1471 957 1516 1022 75

339 1065 530 1130 attribuunt.
575 1063 706 1128 Etenim
730 1063 791 1128 etsi
815 1063 887 1148 quis
913 1063 1061 1149 neglecta
1089 1063 1186 1127 etiam
1209 1062 1353 1128 Sallustii
1377 1063 1515 1128 auctori-

338 1174 406 1234 tate
428 1169 596 1235 Metellum
620 1169 717 1254 76)75
744 1169 779 1234 in
801 1169 931 1234 Baetica
958 1169 1123 1254 provincia
1152 1169 1309 1235 hiemasse
1338 1170 1515 1236 secundum

337 1275 465 1341 Livium
488 1279 593 1362 putet,
617 1298 673 1340 cur
695 1299 761 1340 non
784 1276 894 1340 statim
917 1276 958 1339 ad
975 1276 1165 1360 Pompeium
1184 1299 1266 1341 anno
1288 1277 1329 1342 75
1343 1276 1515 1342 Valentiae

340 1387 436 1468 atque
455 1383 495 1447 ad
509 1406 599 1448 oram
613 1382 808 1447 maritimam
822 1383 997 1448 bellantem
1015 1383 1165 1448 Metellus
1183 1381 1388 1469 properavit?
1411 1384 1517 1461 Quam

338 1491 380 1555 ob
410 1513 538 1555 causam
566 1487 768 1575 segoviam³)
791 1489 917 1554 tendit?
954 1491 998 1554 Ht
1027 1491 1187 1575 quomodo
1210 1488 1391 1554 Hirtuleius
1418 1489 1516 1575 plane

338 1597 469 1662 Italicae
498 1595 640 1660 devictus
670 1595 759 1661 brevi
787 1599 861 1680 post
888 1596 1019 1661 Metello
1048 1595 1202 1682 Segoviae
1233 1597 1336 1661 denuo
1364 1596 1517 1660 resistere

338 1703 467 1788 potuit?
511 1701 556 1768 At
587 1703 614 1768 si
644 1705 730 1768 recte
764 1725 837 1768 cum
867 1701 1019 1768 Sallustio
1049 1703 1216 1768 Metellum
1250 1703 1385 1767 hiberna
1417 1702 1515 1787 76f75

339 1810 373 1874 in
397 1809 501 1875 Gallia
524 1809 628 1896 egisse
651 1813 815 1895 putamus,
843 1809 973 1874 omnino
1001 1809 1071 1874 fieri
1098 1833 1164 1874 non
1190 1812 1311 1895 potest,
1338 1814 1375 1874 ut
1401 1809 1515 1894 paucis

338 1917 504 1982 mensibus
522 1916 689 1982 Metellum
711 1917 851 2001 primum
875 1916 909 1980 in
927 1916 1079 1980 ulteriore
1098 1916 1262 2001 provincia
1280 1916 1419 2001 Italicae,
1442 1920 1515 1980 tum

341 2023 496 2110 Segoviac
533 2025 567 2088 in
603 2023 782 2109 Lusitania,
819 2028 981 2108 postremo
1018 2022 1154 2108 Sagunti
1190 2023 1289 2088 fuisse
1326 2026 1516 2087 statuamus

338 2130 451 2215 ltaque
479 2153 552 2196 cum
579 2131 779 2196 Mommseno
803 2129 991 2196 Sallustium
1020 2130 1120 2194 secuti
1147 2152 1290 2216 pugnam
1311 2129 1516 2194 Italicensem

339 2261 422 2302 anno
448 2237 499 2322 76,
522 2236 749 2323 Segoviensem
773 2260 856 2302 anno
882 2238 1065 2304 7511171111
1089 2260 1158 2302 esse
1182 2237 1387 2302 diudiccmus.

427 2344 537 2408 Prima
560 2342 699 2427 proximi
722 2343 798 2407 anni
823 2345 864 2408 75
893 2343 956 2407 fuit
978 2366 1088 2429 pugna
1110 2344 1150 2410 ad
1172 2343 1356 2408 Valentiam
1379 2367 1398 2406 a
1420 2343 1515 2408 Pom-

338 2451 411 2535 peio
439 2453 551 2515 contra
577 2449 777 2514 Herennium
807 2473 843 2514 ac
866 2449 1061 2534 Perpernam
1091 2447 1297 2535 commissae)
1349 2449 1436 2527 Quae
1465 2473 1516 2513 se-

338 2563 480 2642 quuntur
502 2557 598 2622 huius
621 2557 882 2641 insequentisque
911 2556 987 2620 anni
1015 2579 1066 2621 res
1088 2580 1154 2621 non
1177 2556 1241 2620 iarn
1264 2555 1404 2620 incertae
1428 2561 1514 2620 sunt.

339 2703 380 2710 --
409 2664 532 2728 Deinde
560 2663 731 2748 epistulam
761 2685 857 2747 quam
887 2663 1082 2748 aPompcio
1113 2663 1152 2726 ad
1182 2665 1329 2726 senatum
1359 2663 1514 2748 scriptam

339 2771 434 2856 fingit
458 2769 628 2835 Sallustius
656 2770 731 2834 anni
756 2770 798 2835 75
827 2769 915 2834 exitu
943 2770 1063 2855 datam,
1094 2792 1127 2833 se
1149 2769 1271 2832 Romae
1298 2768 1414 2834 lectam
1442 2793 1514 2835 esse

341 2877 471 2943 ineunte
503 2899 587 2942 anno
617 2880 659 2942 74
695 2879 787 2942 acute
828 2877 985 2942 conclusit
1017 2872 1221 2960 Drumanna)
1275 2874 1369 2940 Falso
1399 2881 1515 2960 postea

340 2980 608 3069 Mommsenuml)
637 2984 769 3048 eandem
795 2983 895 3047 hiemi
920 2983 1016 3067 alsia
1041 2981 1245 3066 adscripsisse
1274 3003 1360 3046 nunc
1388 3005 1404 3045 e
1428 2983 1514 3068 frag·

338 3094 447 3156 mento
470 3088 727 3176 Aurelianensi⁷)
755 3093 889 3156 constat.
935 3090 1052 3154 Postea
1079 3111 1155 3153 vero
1183 3088 1295 3152 eodem
1322 3111 1419 3174 anno,
1446 3113 1513 3173 quo

339 3197 500 3262 Pallantia
522 3221 541 3262 a
563 3197 717 3286 Pompeio
745 3197 952 3264 circumsessa
980 3199 1042 3280 est,
1070 3194 1192 3260 scilicet
1219 3216 1302 3258 anno
1328 3196 1383 3280 74,
1414 3195 1513 3260 ctiam

340 3302 500 3391 Chauca⁸)
534 3327 633 3388 prope
668 3326 738 3368 eam
773 3303 835 3368 sita
869 3303 910 3367 ab
945 3304 1056 3367 eodem
1094 3305 1247 3385 occupata
1279 3323 1347 3366 csse
1376 3301 1512 3367 videtur.

338 3410 444 3476 Isdem
466 3410 666 3494 temporibus
689 3409 839 3474 Metellus
867 3410 901 3474 in
929 3408 1117 3474 occidentali
1145 3407 1302 3473 citerioris
1329 3408 1511 3492 prouinciae

337 3521 429 3604 parte
456 3517 496 3581 ad
519 3516 744 3603 Segobrigam,
767 3515 925 3604 Bilbilim,
949 3515 1149 3602 Calagurrim
1176 3512 1371 3602 pugnaviti’)
1414 3512 1511 3580 Anno
1549 3605 1552 3612 .

432 3713 458 3781 1)
479 3710 519 3766 cf.
539 3709 773 3778 orosvsaro.
839 3731 840 3734 κ

426 3803 453 3868 3)
473 3800 618 3853 Drumann
636 3799 675 3853 IV
693 3817 720 3869 p.
736 3805 801 3866 3663
822 3798 934 3854 Dronka
952 3817 980 3870 p.
996 3803 1062 3866 50⁷3
1082 3798 1230 3853 Neumann
1248 3798 1274 3850 H
1292 3815 1320 3867 p.
1335 3802 1377 3852 35.

427 3895 453 3956 3)
473 3889 601 3958 Pugnam
615 3888 690 3942 enim
700 3887 908 3958 Segovieusem,
923 3904 979 3956 qua
988 3885 1145 3942 Hirtuleius
1160 3902 1259 3940 caesus
1274 3886 1325 3953 est,
1340 3883 1442 3939 iisdem
1451 3886 1510 3941 fere

338 3977 445 4046 diebus,
454 3977 556 4046 quibus
562 3976 764 4031 Sucronensem
774 3976 919 4046 accidisse,
929 3975 947 4033 i.
954 3995 978 4032 e.
989 3978 1146 4044 111717175,
1155 3973 1310 4030 eFrontino
1318 3973 1397 4040 1771
1408 3975 1507 4030 elucet.

427 4070 455 4136 4)
474 4065 515 4120 cf.
533 4065 607 4120 Plut.
625 4065 722 4135 Pomp.
739 4073 784 4132 183
804 4065 948 4120 Drumann
965 4065 1005 4119 IV
1022 4083 1050 4134 p.
1066 4071 1127 4121 366.

426 4157 453 4225 5)
472 4154 511 4208 IV
525 4172 552 4224 p.
567 4160 627 4224 376,
645 4156 721 4210 11171
735 4172 846 4224 quoque
860 4173 923 4210 cum
937 4155 1037 4210 eodem
1051 4153 1164 4208 Dronkc
1178 4172 1205 4223 p.
1221 4157 1274 4208 505
1293 4153 1323 4206 et
1339 4151 1508 4206 Schlimmer

336 4245 355 4300 l.
374 4245 392 4299 l.
434 4249 502 4301 .68.

412 4263 453 4403 pb)
472 4332 560 4399 Quem
576 4348 724 4402 perperam
742 4335 854 4388 secutus
874 4337 917 4389 est
931 4333 1056 4388 Schoena
1075 4331 1105 4386 in
1119 4331 1189 4387 Mus.
1204 4331 1293 4386 Rhen.
1308 4329 1387 4384 XXV
1403 4347 1431 4400 p.
1448 4335 1510 4385 638.

427 4425 454 4490 7)
473 4421 531 4476 col.
549 4427 580 4476 16
600 4421 643 4476 ed.
662 4409 775 4477 Haulcr.

428 4513 456 4580 8)
476 4507 629 4566 0771117.
649 4510 674 4563 Il
695 4515 736 4580 11,
756 4517 782 4568 2.

427 4603 454 4670 9)
474 4597 514 4654 cf.
535 4598 626 4655 Strab.
646 4599 680 4654 fr.
700 4605 733 4655 73
754 4598 842 4670 (0771)
861 4601 891 4656 17
909 4598 981 4669 App.
1001 4598 1028 4654 b.
1048 4615 1071 4654 c.
1090 4597 1105 4651 I
1125 4601 1185 4656 112.
1304 4603 1306 4614 '
