3296 5422
632 445 849 509 -19-

156 600 268 666 eodem
287 601 391 666 indice
409 601 602 684 nominatur,
620 603 698 666 haec
716 625 782 666 non
801 623 964 671 enarrasse
985 625 1023 666 ex
1042 599 1144 687 ipsius
1162 600 1327 666 Plutarchi

156 707 264 772 verbis
287 707 441 791 sequitur.
529 693 541 716 ⁶

245 813 377 878 Summo
415 814 557 878 omnium
595 819 643 878 est
680 820 842 880 momento
879 813 1046 900 Appiani
1076 815 1127 880 his
1160 816 1199 879 de
1231 815 1327 880 rebus

154 920 311 1004 narratio,
340 922 368 984 b.
389 944 413 984 o.
432 919 448 984 I
469 922 652 986 105-107.
677 973 680 980 .
703 921 804 998 Quem
832 921 870 986 de
899 926 1002 987 morte
1026 921 1132 987 Sullae
1160 921 1257 1006 acde
1282 945 1327 986 se-

153 1028 303 1111 pulturae
331 1028 455 1092 ratione
482 1027 577 1111 plene
606 1028 774 1093 dissentire
799 1052 817 1092 a
840 1029 1014 1094 Plutarcho
1037 1051 1073 1094 ac
1095 1029 1327 1094 verisimillime

155 1135 195 1198 ad
217 1135 427 1199 Posidonium
450 1134 501 1198 vel
519 1133 710 1199 Strabonem
733 1136 836 1200 redire
859 1136 924 1200 iam
947 1135 1088 1220 exposui.
1133 1135 1228 1201 Nunc
1251 1157 1326 1199 1111

144 1245 191 1306 ut
210 1241 243 1304 id
262 1241 348 1324 quod
367 1263 463 1324 supra
481 1241 630 1306 contendi
649 1243 864 1328 comprobem,
883 1242 956 1305 inde
973 1265 999 1306 a.
1019 1265 1044 1306 c.
1062 1244 1122 1306 107
1139 1241 1328 1306 Sallustium

153 1347 253 1412 fuisse
276 1347 465 1432 primarium
487 1346 627 1433 Appiani
650 1353 836 1433 auctorem,
856 1349 1020 1432 complura
1048 1348 1328 1412 animadvertenda

153 1459 247 1518 erunt
262 1453 394 1519 Sallusti
414 1455 595 1542 fragmenta
614 1457 646 1517 et
659 1454 817 1518 Liciniani
831 1454 1093 1540 Exuperantique
1107 1454 1179 1540 loci,
1198 1455 1327 1539 quibus-

155 1581 227 1626 cum
254 1559 394 1656 Appiani
424 1546 519 1646 caput
549 1563 610 1626 107
644 1561 823 1625 accuratius
853 1561 1010 1647 congruit.
1056 1560 1145 1626 Sicut
1174 1560 1328 1627 1111421

154 1665 406 1752 ‘tyrannumque
440 1672 472 1732 11
505 1667 639 1734 Cinnam
676 1668 814 1732 maxima
845 1674 922 1733 1111
955 1668 1135 1752 appellans'
1169 1669 1326 1754 excerpsit

153 1771 333 1856 Appianus:
366 1778 477 1858 λόγοις
502 1778 709 1860 βλασφήμοις
734 1774 767 1852 ἐς
791 1774 953 1859 ἀλλήλους
977 1773 1184 1860 despetionem
1213 1775 1325 1840 deinde

153 1882 298 1945 conferas
321 1881 418 1955 velim
435 1881 539 1966 Exup.
562 1905 592 1964 p.
612 1884 641 1965 3,
656 1882 713 1946 25:
736 1870 835 1966 ‘plebi
855 1904 981 1967 quoque
1004 1882 1115 1946 multis
1139 1881 1326 1946 muneribus

153 1988 281 2073 publice
304 1985 518 2072 privatimque
545 1987 673 2073 largitis
701 2010 793 2074 carus
816 1987 999 2052 videbatur’
1029 1993 1061 2052 et
1084 1988 1181 2075 App:
1208 1987 1263 2054 καὶ
1290 1993 1327 2055 τὸ

153 2094 289 2160 ἀστικὸν
319 2091 356 2172 ἐς
386 2095 507 2171 αὐτοὺς
537 2091 682 2181 deposco:
715 2095 754 2158 cf.
784 2093 877 2159 Gran.
909 2118 939 2179 p.
963 2094 1060 2159 44A:
1094 2094 1327 2160 ‘Pollicebatur

155 2238 195 2246 -
222 2239 262 2247 -
288 2240 328 2246 —
353 2201 542 2286 inquorum
565 2223 661 2286 agros
684 2200 803 2265 milites
828 2201 1002 2266 deduxerat
1023 2201 1205 2266 restituere'
1228 2207 1324 2287 atque

153 2307 256 2392 Exup
275 2332 304 2392 p.
320 2311 350 2392 3,
365 2310 421 2372 24:
445 2307 650 2392 ‘pollicenda
673 2308 700 2372 si
719 2308 880 2392 vicissent,
904 2331 937 2372 se
964 2309 1046 2373 bona
1068 2309 1173 2392 patria
1195 2309 1322 2373 restitu-

153 2413 278 2478 turum’
307 2437 379 2478 oum
402 2413 497 2498 App:
527 2411 705 2490 Ἰταλικοὺς
726 2417 1012 2500 προσποιούμενος
1036 2419 1161 2498 ἔλεγεν,
1191 2417 1240 2481 ὅτι
1264 2417 1325 2500 τὴν

152 2531 216 2604 γῆν
245 2521 357 2597 αὐτοῖς
387 2521 429 2604 ἣν
457 2521 475 2586 ὁ
504 2522 637 2597 Σύλλας
664 2519 807 2607 deppam
836 2520 1017 2606 sinodalem:
1051 2520 1145 2586 Gran.
1172 2545 1202 2606 p.
1226 2525 1270 2586 44
1285 2523 1326 2585 B:

153 2627 302 2692 ‘Senatui
321 2627 478 2691 concessit
498 2627 754 2691 execrationibus
773 2627 921 2692 maximis
939 2628 1028 2692 nulla
1047 2629 1133 2692 ultro
1152 2651 1241 2692 arma
1260 2652 1324 2692 mo-

153 2757 226 2798 vere
256 2734 424 2818 umquam’
457 2757 530 2797 cum
559 2733 656 2818 App:
689 2736 822 2820 ὥρκωσε
855 2736 899 2819 μὴ
933 2735 1064 2824 πολέμῳ
1096 2738 1324 2822 decapillatum

153 2840 226 2905 Sall.
251 2841 288 2904 fr.
312 2839 327 2904 I
351 2843 406 2905 91:
431 2841 591 2904 ‘Prudens
615 2841 759 2906 omnium
787 2863 867 2925 quae
897 2846 1026 2905 senatus
1050 2843 1233 2906 censuerat'
1253 2865 1325 2906 cum

152 2946 233 3031 App.
258 2946 311 3012 καὶ
337 2943 416 3011 οὐδὲ
443 2947 542 3024 αὐτὸς
566 2947 696 3031 ἀγνοῶν
720 2944 771 3032 ἐφ’
799 2933 849 3024 οἷς
873 2947 1032 3026 inulctam
1064 2948 1199 3033 denique
1222 2948 1325 3034 Exup

152 3077 181 3137 p.
201 3057 232 3136 4,
246 3055 280 3117 5:
314 3051 372 3116 ‘Ac
396 3053 472 3117 dum
495 3053 597 3117 multa
619 3057 711 3137 parat
735 3054 847 3117 morbo
876 3054 966 3139 gravi
991 3076 1161 3139 oppressus
1188 3058 1324 3118 111111-

152 3164 227 3224 tuus
265 3159 329 3222 est’
368 3183 441 3223 cum
472 3158 568 3244 App:
610 3163 694 3224 ἔνθα
726 3164 816 3250 νόσῳ
855 3163 1008 3245 τηκεδόνι
1044 3163 1212 3246 χρώμενος
1248 3159 1326 3226 ἀπέ-

150 3273 265 3332 eavea.
300 3305 340 3312 —
374 3251 422 3329 De
451 3266 583 3350 reliquis
606 3265 746 3350 Appiani
775 3266 933 3350 capitibus
961 3271 1073 3350 postea
1096 3267 1152 3330 ubi
1176 3266 1214 3330 de
1238 3266 1323 3330 bello

152 3373 336 3437 Sertoriano
361 3377 392 3436 et
416 3373 454 3436 de
478 3373 619 3437 tumultu
644 3372 855 3458 fugitivorum
874 3373 971 3437 verba
994 3373 1146 3438 faciemus
1171 3373 1324 3438 disseren-

152 3479 228 3544 dum
252 3479 321 3544 erit.
342 3517 382 3525 -

239 3585 376 3650 Florus
394 3584 426 3649 Π
451 3588 489 3650 11
515 3583 652 3673 (Halm.)
674 3585 841 3651 Livianam
859 3586 1037 3670 praecipue,
1060 3585 1228 3669 quodiam
1247 3584 1323 3670 dixi,

150 3692 291 3780 ostendit
314 3692 509 3756 memoriam.
552 3690 637 3757 Satis
661 3695 768 3756 autem
786 3692 900 3756 leviter
919 3692 1077 3777 excerpsit
1095 3692 1231 3776 Livium,
1250 3713 1323 3756 oum

150 3799 251 3863 totius
274 3800 340 3863 fere
364 3798 440 3862 anni
464 3797 604 3882 spatium
627 3797 700 3862 inde
724 3798 764 3861 ab
788 3802 942 3862 autumno
968 3799 1009 3863 78
1034 3819 1134 3882 usque
1159 3799 1199 3861 ad
1222 3801 1322 3862 aesta-

150 3911 217 3969 tem
245 3909 284 3971 77
309 3905 404 3990 plane
428 3904 580 3968 omiserit.
625 3905 740 3968 Eidem
763 3904 852 3968 Flori
874 3904 1098 3992 neglegentiae
1121 3925 1224 3990 neque
1247 3926 1322 3970 vero

150 4011 233 4076 fonti
252 4011 475 4096 attribuamus
494 4011 579 4096 quod
596 4011 786 4096 Pompeium
804 4011 925 4096 Lepido
944 4011 1061 4075 iterum
1080 4011 1193 4076 urbem
1212 4033 1323 4098 aggre-

151 4119 257 4182 diente
280 4119 401 4182 Romae
429 4123 630 4202 praesentem
660 4118 751 4202 facit,
775 4118 830 4203 qui
854 4118 982 4202 quidem
1010 4140 1044 4182 re
1067 4139 1142 4181 1111
1165 4119 1205 4181 ad
1226 4117 1323 4183 Muti-

149 4248 224 4289 nam
248 4229 358 4289 contra
376 4225 515 4288 Brutum
538 4225 678 4290 bellavit.
724 4224 894 4288 Praeterea
917 4224 1014 4288 etiam
1037 4247 1054 4288 e
1074 4223 1226 4288 Sallustio
1250 4224 1321 4287 flos-

150 4332 239 4396 culos
258 4331 413 4416 quosdam
433 4330 607 4415 sumpsisse
621 4330 757 4414 videtur,
776 4330 871 4394 sicut:
894 4331 993 4394 ‘arma
1007 4330 1081 4394 inde
1096 4335 1128 4394 et
1146 4329 1321 4394 exercitum

149 4438 222 4502 urbi
246 4437 458 4522 admovebat’,
480 4437 519 4502 of.
543 4436 617 4501 Sall.
642 4459 686 4502 or.
705 4437 788 4501 Phil.
805 4424 904 4518 '§10;
929 4437 1055 4502 deinde:
1079 4435 1230 4520 ‘Lepidus
1249 4438 1320 4498 acta

149 4545 231 4610 tanti
255 4543 315 4607 viri
339 4544 517 4608 rescindere
541 4541 700 4630 parabat’,
725 4544 763 4608 of.
786 4543 889 4628 Exup.
917 4567 948 4627 p.
972 4545 1001 4626 3,
1020 4545 1076 4608 20:
1109 4541 1227 4605 ‘Huius
1250 4546 1321 4604 acta

1072 4647 1107 4698 2*
