3296 5422
622 479 841 542 ..39-

145 637 215 722 ipsa
237 659 289 702 res
312 637 352 702 ad
370 637 589 702 extollendum
607 637 798 722 Pompeium
815 643 944 704 narrata
963 661 1032 704 esse
1052 639 1207 725 videatur,
1225 640 1317 706 Livio

145 745 227 809 hanc
249 743 348 808 Plinii
371 743 563 829 particulam
586 743 771 808 addixerim.

233 850 409 917 Velleius
432 851 509 915 belli
532 849 708 916 Sertoriani
731 852 872 918 breviter
894 853 1092 918 mentionem
1115 854 1193 919 facit
1216 853 1318 921 1130

145 964 179 1023 et
202 961 257 1024 90.
282 997 324 1005 -
348 958 493 1022 Auctor
516 958 559 1021 de
582 957 648 1023 vir.
676 959 729 1024 ill.
755 961 799 1024 Π
824 959 985 1025 famosum
1008 960 1089 1024 illud
1111 961 1255 1046 Philippi
1278 962 1317 1025 de

145 1065 299 1151 Pompeio
332 1065 453 1130 dietum
484 1070 727 1149 commemorat,
758 1066 844 1150 quod
870 1071 956 1131 certe
988 1090 1092 1152 neque
1120 1091 1137 1132 e
1166 1067 1317 1133 Cicerone
1369 1055 1374 1099 ·'

143 1161 248 1257 neque
272 1196 289 1236 e
312 1171 465 1237 Sallustio
489 1172 639 1257 sumpsit,
666 1173 825 1238 incertum
847 1196 936 1258 vero,
960 1197 999 1238 ex
1021 1174 1154 1239 Liviana
1178 1176 1317 1260 epitome

145 1303 187 1343 an
210 1301 227 1344 e
249 1279 385 1363 Nepote.

234 1387 450 1471 Polyaenus
473 1385 564 1452 VIII
582 1390 629 1452 22
652 1387 796 1452 fabulam
825 1388 863 1452 de
886 1388 960 1453 alba
987 1411 1080 1454 cerva
1103 1412 1121 1453 e
1143 1389 1317 1455 Plutarcho

145 1494 242 1558 verbo
266 1494 333 1559 fere
356 1499 452 1559 tenus
475 1493 642 1578 excerpsit.

233 1601 393 1666 Diodori
421 1601 551 1687 longius
579 1601 617 1665 de
645 1601 730 1666 bello
759 1601 943 1667 Sertoriano
971 1603 1190 1689 fragmentum
1213 1626 1315 1668 serva-

143 1713 214 1773 tum
237 1713 295 1794 est,
317 1706 469 1773 XXXVII
488 1708 526 1772 fr.
540 1710 603 1773 22“
621 1706 798 1795 (Dindorf),
817 1732 880 1794 quo
899 1713 1062 1794 postrema
1080 1708 1214 1774 Sertorii
1233 1710 1318 1774 facta

143 1820 340 1880 enarrantur.
377 1815 538 1880 Diodorus
556 1819 664 1879 autem
679 1838 760 1900 quos
778 1816 928 1882 habuerit
946 1817 1007 1881 hac
1025 1817 1063 1880 de
1082 1819 1187 1880 aetate
1210 1817 1318 1882 fontes

143 1923 286 1987 nondum
313 1921 392 1986 satis
415 1921 597 2005 quaesitum
620 1926 682 2006 est;
710 1927 797 1987 certo
820 1923 1030 1988 Posidonium
1052 1946 1119 1987 non
1141 1923 1206 1987 iam
1229 1924 1317 1988 adhi-

143 2031 219 2094 bere
237 2029 353 2115 potuit.
390 2027 452 2093 Sed
471 2029 619 2113 equidem
637 2029 827 2114 putaverim,
844 2035 1008 2115 postrema
1026 2029 1123 2095 huius
1142 2029 1316 2116 fragmenti

143 2137 254 2201 verba:
291 2137 309 2202 ὁ
342 2136 531 2222 Σερτώριος
561 2133 754 2213 ἀνακλιθεὶς
789 2136 853 2202 ἀνὰ
884 2136 986 2222 μέσον
1027 2139 1225 2222 Ταρκυιτίου
1261 2135 1317 2202 καὶ

139 2241 319 2310 Ἀντιονίον
350 2243 415 2308 ὑπὸ
447 2243 576 2310 τούτων
603 2242 729 2329 ἐσφάγη
761 2245 874 2328 procul
906 2245 1004 2310 dubio
1032 2242 1163 2309 fluxisse
1193 2266 1210 2308 e
1237 2246 1316 2308 nota

143 2351 199 2415 ille
222 2349 367 2415 Sallustii
391 2349 613 2434 descriptione,
636 2350 675 2414 cf.
698 2350 736 2414 fr.
755 2349 802 2414 ΠΙ
820 2352 854 2415 4:
883 2349 1004 2436 ‘Igitur
1022 2350 1225 2416 discubuere:
1248 2349 1317 2416 Ser·

143 2457 247 2523 torius
269 2456 402 2521 inferior
425 2456 459 2520 in
477 2456 592 2540 medio,
616 2479 712 2540 super
739 2479 813 2521 eum
835 2457 870 2521 L.
889 2457 1009 2521 Fabius
1032 2461 1161 2522 senator
1184 2480 1224 2522 ex
1246 2480 1317 2541 pro-

144 2563 285 2648 scriptis3
313 2563 348 2628 in
375 2585 500 2628 summo
527 2562 690 2628 Antonius
717 2567 750 2627 et
773 2563 858 2628 infra
885 2563 990 2630 scriba
1013 2562 1147 2628 Sertorii
1169 2562 1318 2648 Versius3
1411 2550 1415 2560 ¹

144 2676 177 2736 et
204 2671 287 2735 alter
315 2669 420 2735 scribe
447 2669 615 2734 Maecenas
641 2669 676 2734 in
703 2667 768 2734 imo
796 2669 921 2736 medius
948 2670 1032 2736 inter
1055 2668 1258 2753 Tarquitium
1285 2673 1318 2733 et

144 2779 310 2844 dominum
323 2776 541 2861 Perpernam?
570 2776 684 2860 Neque
699 2776 785 2841 enim
800 2776 958 2842 diversam
972 2799 991 2840 a
1004 2776 1157 2843 Sallustio
1176 2776 1317 2860 aliquam

143 2885 331 2950 memoriam
349 2885 502 2968 praebere
521 2882 683 2947 Diodorus
700 2887 817 2967 potest,
841 2883 993 2968 quoniam
1017 2905 1054 2948 eo
1078 2882 1198 2966 ordine,
1222 2905 1318 2966 quem

143 2993 252 3075 refert,
266 2991 293 3056 si
308 2990 437 3076 quidem
451 2989 549 3054 verbo
564 2993 659 3054 tenus
673 2989 931 3076 interpretamur,
944 2989 1092 3055 accubari
1107 2990 1238 3055 omnino
1251 3013 1317 3055 non

143 3094 296 3183 potuit¹);
318 3095 522 3182 negligenter
545 3100 653 3161 autem
672 3093 851 3160 Sertorium
873 3096 958 3161 iuter
981 3096 1184 3181 Tarquitium
1207 3100 1239 3160 et
1252 3095 1317 3160 An-

143 3204 270 3270 tonium
293 3203 456 3267 sedentem
475 3202 562 3287 fecit,
580 3201 708 3268 omissis
727 3202 849 3268 scilieet
872 3201 922 3287 iis,
940 3203 996 3287 qui
1015 3203 1199 3287 interpositi
1218 3207 1317 3267 erant.

145 3311 233 3388 Quos
256 3309 354 3373 etiam
377 3309 580 3392 Plutarchus,
602 3331 676 3373 cum
699 3307 889 3374 Sallustium
916 3315 1113 3395 excerperet,
1135 3309 1317 3397 neglexisse

147 3417 272 3482 videtur
299 3417 351 3481 cf:
387 3412 563 3492 Ἀντώνιος
592 3415 908 3501 ὑπερκατακείμενος
939 3420 1029 3482 παίει
1065 3425 1111 3506 τῷ
1140 3415 1226 3503 ξίφει
1257 3419 1317 3482 τὸν

145 3523 345 3608 Σερτώριον.
393 3521 564 3586 Praeterea
587 3521 806 3607 compluribus
829 3523 864 3586 in
886 3523 983 3588 rebus
1006 3522 1144 3610 singulis
1162 3523 1224 3588 hoc
1242 3523 1317 3588 Dio-

145 3629 214 3696 dori
237 3630 455 3716 fragmentum
478 3629 628 3715 congruit
647 3651 720 3693 cum
738 3628 896 3714 Appiano,
919 3653 938 3693 a
957 3652 1020 3714 quo
1039 3629 1229 3695 Sallustium
1248 3652 1317 3694 esse

144 3741 330 3822 excerptum
349 3757 446 3820 supra
464 3735 675 3819 ostendimus3
694 3735 825 3820 accedit,
847 3737 933 3820 quod
952 3741 1039 3801 certo
1054 3736 1215 3802 Diodorus
1234 3759 1317 3801 anno

144 3846 185 3908 21
211 3866 237 3906 a.
258 3841 330 3906 chr.
349 3865 380 3905 n.
399 3841 419 3906 i.
439 3864 464 3905 e.
488 3840 641 3906 Sallustio
669 3841 734 3906 iam
756 3846 884 3906 mortuo
907 3841 1116 3928 historiisque
1144 3843 1199 3908 diu
1222 3843 1318 3908 editis

144 3949 304 4014 scribendi
336 3948 479 4012 nondum
506 3949 604 4012 finem
632 3945 792 4033 feceratl).
840 3947 944 4024 Quare
975 3971 1041 4013 non
1067 3972 1198 4034 prorsus
1226 3951 1317 4014 dene-

143 4055 286 4142 gandum
314 4054 477 4137 existimo,
506 4053 651 4118 Sallustii
684 4053 829 4119 historiis
856 4054 1036 4120 Diodorum
1068 4055 1102 4120 in
1134 4057 1220 4122 bello
1248 4055 1317 4122 Ser-

144 4161 271 4227 toriano
295 4160 471 4225 enarrando
495 4183 564 4225 esse
588 4183 689 4225 usum.

233 4266 357 4331 Deinde
381 4266 534 4352 exiguum
557 4265 638 4330 illud
660 4267 879 4352 fragmentum
901 4266 1069 4334 XXXVIII
1093 4271 1149 4354 22,
1172 4272 1208 4334 2ε
1239 4268 1317 4334 ἀκα-

235 4514 261 4581 1)
282 4511 322 4567 Of.
344 4512 464 4581 Becker,
484 4512 581 4567 Gallus
600 4513 661 4566 111⁸
678 4532 705 4583 p.
720 4518 785 4578 2663
805 4513 881 4568 Serv.
901 4514 946 4569 ad.
965 4513 1137 4572 Aen.1698.

234 4608 261 4674 2)
281 4601 321 4657 cf.
341 4600 424 4657 Diod.
439 4601 503 4656 XVI
518 4609 533 4658 ‘1
554 4619 618 4656 cum
635 4601 726 4657 Dione
744 4601 841 4657 Cassio
860 4602 921 4656 LIV
936 4611 960 4658 ’1.
