3296 5422
630 455 848 517 „31-

153 608 307 674 dissentio
331 610 372 673 ab
396 610 516 693 eodem,
539 632 612 675 cum
635 633 653 673 a
672 609 824 675 Sallustio
849 609 963 694 capitis
988 612 1007 675 8
1027 614 1152 694 partem
1170 611 1324 695 posterio-

153 738 221 780 rem
240 715 409 782 abiudicet.
453 715 584 780 Etenim
607 717 647 786 cf.
666 719 702 782 αἳ
723 718 785 782 δύο
809 713 870 802 μὲν
888 715 985 802 εἰσὶν,
1008 722 1114 805 λεπτῷ
1138 718 1325 784 παντάπασι

151 830 293 912 πορθμῷ
323 821 566 911 διαιρούμεναι,
594 828 734 909 μυρίους
764 819 794 889 δ’
825 822 984 912 ἀπέχουσι
1011 821 1141 909 Λιβύης
1168 826 1323 902 σταδίους

153 927 207 996 καὶ
227 931 442 1016 ὀνομάζονται
461 931 643 1018 Μακάρων,
664 935 697 996 et
718 953 793 996 mox
814 929 869 997 καὶ
887 930 1016 1018 καρπὸν
1035 925 1185 1016 αὐτοφυῆ
1203 929 1325 1016 φέρου-

154 1054 209 1102 σιν
240 1059 313 1102 cum
341 1037 378 1102 fr.
397 1035 413 1101 I
432 1037 527 1104 61D:
561 1037 656 1121 ‘quas
688 1037 766 1102 duas
798 1037 920 1102 insulas
951 1037 1147 1122 propinquas
1179 1036 1263 1102 inter
1290 1059 1324 1102 se

153 1147 186 1206 et
218 1143 327 1208 decem
360 1143 492 1229 (milia)
525 1143 664 1209 stadium
695 1144 807 1228 procul
838 1167 857 1208 a
889 1142 1031 1209 Gadibus
1064 1143 1127 1208 sita
1155 1145 1324 1208 constabat

152 1254 266 1335 suopte
299 1250 430 1337 ingenio
463 1250 615 1316 alimenta
646 1251 837 1316 mortalibus
869 1251 1029 1338 gignere',
1063 1249 1175 1316 deinde
1205 1248 1325 1316 αὐτόθι

149 1359 187 1424 τὸ
206 1354 367 1424 Ἠλύσιον
390 1353 476 1424 εἶναι
498 1359 616 1424 πεδίον
638 1355 692 1423 καὶ
715 1359 776 1446 τὴν
798 1369 865 1424 τῶν
889 1359 1099 1442 εὐδαιμόνων
1121 1363 1261 1444 οἴκησιν,
1280 1357 1323 1441 ἣν

151 1461 295 1550 Ὅμηρος
325 1464 474 1549 ὕμνησεν
508 1486 581 1530 cum
609 1464 695 1530 Serv.
728 1464 769 1530 ad
795 1463 875 1530 Aen.
898 1463 929 1530 V
953 1466 1017 1530 735
1044 1462 1134 1552 (Sall.
1158 1465 1196 1528 fr.
1219 1462 1325 1550 lea:

152 1570 293 1634 ‘insulae
321 1570 516 1656 fortunatae,
544 1593 623 1656 quas
651 1571 697 1636 ait
724 1569 896 1636 Sallustius
928 1570 1066 1636 inclutas
1093 1593 1162 1636 esse
1190 1570 1323 1636 Homeri

150 1677 366 1741 carminibus?
403 1677 539 1762 Reliqua
558 1681 666 1741 autem
690 1700 729 1741 ex
748 1677 818 1762 ipso
837 1677 979 1742 Homero
1004 1677 1060 1742 Od.
1080 1676 1126 1742 IV
1144 1701 1172 1742 v.
1192 1679 1257 1743 562
1268 1701 1323 1762 sq,

151 1783 269 1867 quippe
298 1805 393 1868 quem
420 1783 597 1850 laudaverit
626 1783 723 1848 etiam
746 1783 918 1849 Sallustius
944 1783 1109 1869 supplesse
1132 1783 1324 1849 Plutarchus

151 1893 247 1974 atque
271 1889 317 1953 sic
336 1887 524 1955 Sallustium
542 1889 782 1975 Homerumque
806 1890 1039 1956 contaminasse
1062 1889 1197 1976 videtur,
1220 1913 1323 1975 neque

151 1997 190 2061 de
208 1995 297 2061 fonte
317 1997 421 2062 medio
440 1995 597 2062 Strabone
616 2020 689 2062 cum
708 1995 827 2061 Ottone
848 1996 990 2083 cogitare
1013 1997 1166 2083 cogimur.
1192 2036 1232 2043 -—
1252 1997 1323 2062 Hoc
1409 2058 1414 2067 .

150 2126 251 2168 unum
274 2103 371 2168 etiam
394 2126 556 2190 moneam,
579 2103 788 2168 Plutarchum
811 2127 936 2188 semper
959 2103 1026 2168 fere
1049 2103 1223 2170 seeundum
1246 2108 1323 2169 tem·

148 2233 264 2296 porum
290 2209 434 2275 ordinem
464 2211 584 2276 bellum
613 2233 789 2296 enarrasse;
819 2215 914 2295 atque
941 2233 965 2275 c.
987 2214 1028 2276 12
1058 2211 1199 2275 breviter
1229 2232 1279 2275 res
1305 2233 1324 2273 a

151 2316 293 2382 Sertorio
331 2340 431 2404 usque
468 2318 508 2382 ad
540 2317 686 2402 Pompeii
723 2318 757 2381 in
789 2317 979 2402 Hispaniam
1011 2317 1183 2382 adventum
1215 2321 1323 2404 gestas

152 2429 330 2510 enumerat5
349 2423 462 2489 deinde
482 2424 609 2511 singula
628 2424 783 2509 quaedam
807 2447 846 2488 ex
863 2423 915 2488 his
939 2424 1031 2488 annis
1051 2424 1178 2509 plenius
1197 2427 1323 2487 enarrat

152 2529 311 2615 capitibus
340 2533 468 2597 13-17
475 2583 484 2618 ‚
516 2532 599 2596 sicut
625 2531 748 2595 Metelli
781 2531 822 2594 ad
849 2531 1061 2617 Lacobrigam
1088 2529 1323 2614 expeditionem

151 2661 234 2702 anno
259 2639 300 2702 79
320 2643 501 2723 susceptam
524 2661 548 2703 c.
571 2641 621 2724 13,
649 2637 722 2702 exin
746 2661 770 2702 c.
795 2639 836 2702 14
859 2637 948 2724 leges
971 2637 1182 2722 institutaque
1206 2636 1323 2721 quibus

152 2743 312 2810 Sertorius
345 2745 437 2810 annis
471 2748 512 2811 78
545 2748 578 2809 et
612 2743 687 2834 77¹)
721 2743 910 2830 Hispaniam
938 2743 1222 2829 administraverit,
1254 2749 1324 2808 tum

152 2875 177 2917 c.
199 2852 240 2918 15
264 2849 442 2936 Perpernae
466 2875 539 2916 cum
562 2851 705 2916 Sertorio
729 2851 998 2916 consociationem
1022 2873 1106 2914 anno
1131 2853 1172 2916 76
1196 2851 1321 2914 factam.

151 2957 264 3042 Itaque
283 2957 417 3022 Sertorii
435 2981 588 3043 prospera
607 2959 641 3022 in
661 2957 888 3022 Charaeitanos
907 2957 1077 3044 expediti0,
1097 2957 1135 3021 de
1154 2979 1217 3042 qua
1236 2979 1260 3021 c.
1283 2960 1321 3022 17

152 3065 269 3152 agitur,
299 3064 411 3129 eodem
440 3065 496 3129 illo
525 3087 607 3129 anno
637 3067 678 3130 76
711 3066 796 3129 facta
823 3087 891 3128 esse
919 3065 1053 3128 videtur.
1106 3063 1215 3128 Etiam
1242 3085 1322 3148 quae

152 3176 330 3255 sequuntur
357 3171 461 3255 capita
491 3173 620 3238 18-26
643 3176 824 3257 temporum
853 3172 996 3236 ordinem
1025 3174 1153 3234 servant
1182 3170 1323 3254 exceptis

152 3277 312 3362 capitibus
342 3279 382 3342 16
406 3283 438 3342 ct
461 3281 518 3364 22,
545 3279 662 3363 quibus
689 3277 944 3343 narratiunculas
972 3277 1115 3363 singulas
1138 3299 1155 3340 e
1179 3276 1323 3342 Sallustii

153 3384 328 3448 aliorumve
352 3388 519 3448 auctorum
543 3385 676 3448 diversis
699 3384 778 3449 locis
802 3389 966 3470 excerptas
990 3384 1160 3471 congessit.

241 3489 278 3554 In
306 3489 372 3554 vita
395 3491 540 3575 Pompeii
564 3514 589 3555 c.
611 3493 741 3556 17-20
768 3507 865 3576 quam
888 3495 961 3576 post
987 3491 1066 3554 alias
1089 3490 1185 3555 huius
1208 3489 1323 3553 aetatis

152 3595 235 3661 vitas
268 3597 485 3681 composuisse
512 3597 705 3662 Plutarchus
741 3598 881 3683 videtur,
918 3598 1082 3682 complura
1113 3620 1131 3660 e
1170 3619 1228 3662 sua
1254 3595 1323 3660 Ser-

152 3703 227 3766 torii
251 3703 318 3767 vita
340 3703 531 3790 repetivit.²)
576 3705 746 3768 Praeterea
769 3727 849 3790 quae
875 3705 987 3789 habet,
1010 3705 1161 3788 pleraque
1185 3704 1323 3767 etiame

152 3809 306 3877 Sallustio
334 3810 449 3875 hausta
481 3833 549 3875 esse
578 3811 739 3897 videntur,
771 3811 854 3876 sicut
881 3834 905 3876 c.
933 3814 971 3876 17
1002 3811 1040 3874 de
1068 3811 1164 3875 rebus
1191 3807 1327 3874 urbanis'

245 4112 270 4180 1)
290 4107 331 4167 cf.
350 4106 462 4162 monne
481 4105 499 4163 1.
519 4106 538 4164 1.

242 4220 269 4285 2)
288 4217 385 4284 Inepte
404 4231 470 4271 vero
490 4213 581 4283 Vogel
599 4214 618 4268 l.
637 4213 655 4270 l.
679 4233 705 4284 p.
723 4222 755 4272 13
773 4213 847 4270 hanc
865 4216 1078 4284 congruentiam
1098 4232 1132 4272 ea
1150 4231 1165 4270 e
1184 4233 1214 4270 re
1234 4216 1321 4286 expli-

153 4305 273 4362 candam
291 4303 447 4374 contendit,
468 4303 545 4374 quod
563 4306 680 4371 utraque
699 4302 760 4358 vita
778 4321 793 4358 e
808 4304 914 4359 Graeco
933 4305 1056 4373 quodam
1075 4304 1152 4359 fonte
1172 4305 1320 4373 communi,

152 4393 262 4451 scilicet
285 4392 434 4460 Strabone,
462 4391 584 4447 fluxerit:
614 4408 715 4462 nempe
743 4391 849 4448 oblitus
877 4395 922 4448 est
952 4392 1115 4463 saepissime
1139 4393 1321 4448 Plutarchum

152 4501 213 4540 sese
236 4482 329 4553 ipsum
352 4480 531 4551 exscripsisse
553 4481 600 4536 vel
622 4480 721 4536 eadem
740 4479 873 4552 excerpta
898 4469 949 4538 sua
971 4499 1056 4551 quam
1078 4481 1208 4552 plurimis
1225 4485 1323 4552 posset

152 4574 183 4629 in
200 4572 267 4629 vitis
286 4570 458 4628 adhibuisse.
