3296 5422
820 487 861 494 ..
908 450 1038 514 32...

344 607 550 692 Philippique
584 607 618 671 in
649 607 839 692 Pompeium
872 607 957 672 dicto
965 605 1000 694 ¹),
1032 609 1146 673 deinde
1178 632 1202 674 c.
1232 611 1275 674 20
1307 611 1345 674 de
1372 611 1525 696 Pompeii

346 715 482 800 epistola
504 715 641 778 Romam
665 714 705 777 ad
728 719 875 778 senatum
899 715 1031 800 scriptas
1050 716 1137 800 quod
1155 716 1304 801 congruit
1322 739 1395 781 cum
1418 715 1524 782 Sallu-

346 823 450 887 stiana
474 821 611 906 epistula
634 821 780 906 Pompeii
805 825 837 885 et
860 821 914 885 vit.
939 822 1013 886 Luc.
1038 824 1113 906 15,
1137 823 1273 906 denique
1297 824 1335 886 de
1357 823 1524 908 Perperna

345 952 364 992 a
381 929 536 1012 Pompeio
555 928 650 1012 victo,
668 928 755 1012 quod
773 928 933 994 consentit
953 951 1026 993 cum
1043 928 1153 994 Front.
1172 928 1204 993 H
1222 931 1253 1014 5,
1271 932 1323 996 32.
1348 929 1522 1014 —Itaque

345 1035 443 1099 etiam
466 1039 572 1099 cetera
595 1057 675 1119 quae
698 1057 782 1098 nova
805 1036 898 1100 affert
920 1036 980 1100 hac
999 1035 1033 1099 in
1055 1035 1122 1100 vita
1140 1036 1342 1122 Plutarchus,
1364 1036 1522 1102 Sallustio

345 1141 550 1206 attribuenda
577 1163 645 1206 esse
673 1163 738 1206 non
767 1146 815 1206 est
843 1164 900 1206 our
926 1165 1094 1228 negemus,
1122 1143 1204 1207 sicut
1232 1165 1256 1208 c.
1279 1145 1319 1208 18
1348 1143 1522 1229 depugna

345 1248 386 1312 ad
407 1247 591 1314 Valentiam
614 1248 708 1331 facta,
731 1271 756 1312 c.
778 1251 819 1314 19
843 1249 881 1312 de
900 1249 1067 1314 vulnerato
1085 1249 1248 1334 Pompeio,
1271 1225 1347 1313 ibid.
1371 1250 1410 1313 de
1433 1249 1522 1314 duci-

345 1356 405 1419 bus
432 1355 587 1420 Romanis
615 1355 743 1420 obviam
771 1355 878 1439 factis,
906 1378 987 1440 quae
1015 1379 1066 1420 res
1094 1356 1290 1440 amplissime
1317 1378 1420 1440 neque
1448 1356 1522 1420 sine

343 1461 490 1548 Pompeii
505 1461 738 1527 obtrectatione
753 1453 912 1547 descripta
931 1463 1060 1550 optime,
1079 1463 1106 1527 si
1121 1462 1206 1548 quid,
1225 1463 1266 1526 ad
1284 1461 1428 1527 Sallustii
1446 1485 1521 1526 nar-

345 1568 437 1633 randi
460 1591 563 1656 genus
586 1569 729 1654 quadrat.
1271 1583 1282 1598 ‘

433 1733 453 1810 ἕ
476 1733 506 1795 3.
560 1728 727 1813 Appiani
755 1728 831 1793 libri
858 1727 955 1813 primi
978 1731 1076 1794 finem
1105 1752 1122 1793 e
1150 1728 1303 1794 Sallustio
1331 1733 1520 1815 excerptum

345 1860 414 1902 esse
438 1837 502 1900 iem
525 1839 619 1900 antea
642 1835 790 1900 contendi
815 1840 847 1900 et
871 1836 909 1900 de
933 1837 1037 1921 capite
1063 1839 1123 1902 107
1154 1838 1371 1903 demonstrare
1394 1836 1520 1920 studui3

343 1949 428 2010 nunc
456 1944 541 2008 idem
568 1946 605 2006 ut
632 1942 801 2028 faciamus,
827 1943 990 2027 poscimur
1018 1944 1055 2008 de
1083 1967 1150 2030 cap.
1181 1943 1519 2028 108-115,quibus

256 2041 259 2048 ¹
344 2052 464 2116 bellum
487 2049 707 2117 Sertorianum
730 2055 913 2115 enarratum
936 2055 993 2116 est.
1016 2089 1054 2098 —
1075 2050 1172 2116 [nitio
1196 2054 1304 2115 autem
1328 2072 1424 2135 quam
1447 2050 1519 2113 bre-

342 2159 471 2224 vissime
494 2157 661 2244 Appianas
684 2162 850 2222 enumerat
873 2180 924 2222 res
947 2158 1039 2222 annis
1063 2160 1193 2224 82477
1218 2162 1335 2244 gestas,
1359 2157 1471 2220 deinde
1498 2180 1519 2220 a

342 2265 488 2350 Pompeii
512 2265 546 2329 in
568 2265 758 2349 Hispaniam
780 2265 988 2349 profectione,
1016 2265 1035 2328 i.
1061 2288 1096 2350 6.,
1123 2265 1150 2330 si
1174 2287 1299 2330 mecum
1322 2263 1414 2347 facis,
1442 2263 1519 2326 inde

343 2372 384 2435 ab
403 2369 547 2436 Sallustii
566 2370 650 2434 libro
669 2371 807 2435 seeundo
826 2393 877 2435 res
895 2371 1004 2455 paullo
1023 2371 1160 2456 amplius
1178 2375 1304 2435 tractat.
1337 2369 1400 2434 Sed
1418 2369 1520 2432 etism

343 2478 488 2542 breviore
515 2477 550 2542 11
577 2477 633 2541 illa
659 2482 751 2562 parte
779 2476 951 2544 Sallustius
978 2478 1195 2564 cognoscitur3
1228 2477 1358 2541 initium
1386 2475 1519 2560 quidem

343 2608 360 2648 e
384 2608 441 2650 sua
464 2583 565 2670 ipsius
587 2584 770 2650 narratione
794 2582 992 2672 (b.c.186)
1019 2585 1146 2670 repetit,
1169 2585 1224 2648 sed
1247 2584 1333 2668 quod
1356 2582 1518 2667 sequitur:

341 2692 397 2758 καὶ
416 2694 557 2779 στρατὸν
576 2695 660 2778 ἔχων
679 2695 715 2757 έκ
740 2716 775 2756 τε
790 2686 928 2768 Ἰταλίας
950 2691 1049 2776 αὐτῆς
1072 2696 1131 2758 καί
1150 2716 1224 2757 τινα
1247 2693 1350 2756 άλλον
1373 2689 1409 2756 ἐκ
1429 2693 1517 2754 Κελ-
1612 2741 1613 2762 ,

340 2801 486 2885 τιβήρων
509 2797 642 2883 ἀγείρας
665 2802 850 2882 excerptum
874 2802 923 2861 est
947 2820 964 2860 e
988 2797 1132 2861 Sallustii
1156 2797 1315 2862 exercitus
1338 2795 1517 2860 Sertoriani

343 2905 564 2992 descriptione,
578 2904 669 2969 cuius
682 2905 834 2990 reliquias
848 2904 1025 2989 reperimus
1045 2903 1142 2967 etiam
1157 2904 1242 2988 apud
1260 2904 1345 2967 Plut.
1365 2901 1445 2967 Sert.
1463 2899 1515 2966 12.

342 3013 465 3076 Deinde
500 3011 650 3090 ἐπίδοξος
681 3008 724 3099 ἦν
756 3013 968 3098 στρατεύσειν
998 3009 1051 3078 ἐπὶ
1084 3013 1144 3095 τὴν
1171 3009 1312 3076 Ἰταλίαν
1341 3008 1515 3092 respondet
1611 3059 1612 3090 ,

342 3119 440 3184 simili
463 3119 549 3202 apud
571 3117 760 3182 Sallustium
787 3119 974 3202 sententiae,
1002 3118 1040 3182 cf.
1065 3141 1112 3201 ep.
1136 3117 1247 3201 Pomp.
1272 3117 1344 3197 §42
1368 3114 1516 3178 ‘Hostes-

341 3249 403 3311 que
426 3226 461 3289 in
479 3225 656 3290 cervicibus
674 3225 738 3289 iam
757 3223 868 3289 Italiae
888 3230 1020 3311 agentes
1043 3225 1084 3288 ab
1107 3223 1244 3308 Alpibus
1268 3223 1302 3287 in
1324 3221 1516 3305 Hispaniam

342 3331 510 3397 submovi?
547 3331 595 3396 De
618 3331 764 3417 Pompeii
787 3332 854 3398 vita
877 3332 1083 3416 moribusque
1103 3353 1175 3395 cum
1195 3331 1248 3394 ille
1272 3330 1306 3393 in
1324 3328 1515 3413 Hispaniam

341 3440 525 3504 mitteretur
551 3438 723 3504 Sallustius
756 3438 859 3503 fusius
892 3435 1113 3523 disputavit3²)
1141 3437 1225 3521 apud
1250 3435 1435 3522 Appianum
1467 3457 1515 3498 re·
1610 3521 1611 3524 Ἴ

342 3551 528 3612 manserunt
557 3545 716 3610 breviora:
748 3545 827 3611 νέον
857 3542 918 3630 μὲν
946 3547 994 3610 ἔτι
1025 3546 1121 3627 ὄντα,
1147 3554 1312 3629 περιφανῆ
1341 3538 1371 3608 δ’
1403 3541 1435 3620 ἐξ
1465 3535 1515 3605 ὧν

287 3737 290 3742 ¹
341 3652 395 3720 ἐπὶ
418 3655 534 3719 Σύλλα
561 3656 640 3738 περί
667 3675 701 3717 τε
730 3653 863 3737 Λιβύην
889 3650 944 3717 καὶ
973 3651 1010 3716 έν
1037 3651 1119 3736 αὐτῇ
1145 3647 1265 3738 Ἰταλίᾳ
1292 3652 1512 3734 κατείργαστο.

341 3761 390 3824 Ι)6
427 3761 541 3824 itinere
572 3758 692 3842 Alpino
725 3758 871 3842 Pompeii
903 3753 943 3822 cs
959 3760 1035 3822 109:
1071 3757 1111 3823 ού
1147 3758 1228 3822 κατὰ
1264 3758 1325 3841 τὴν
1358 3753 1513 3838 Ἀννίβου
1609 3823 1610 3854 p

341 3870 602 3953 μεγαλουργίαν,
630 3864 745 3953 ἑτέραν
769 3863 798 3930 δ’
831 3863 1011 3950 ἐχάρασσεν
1041 3862 1126 3949 ἀμφὶ
1154 3876 1224 3940 ταῖς
1251 3874 1369 3947 πηγαῖς
1391 3884 1419 3925 κ.
1437 3885 1464 3926 τ.
1484 3865 1512 3925 λ.

341 3973 379 4037 cf.
400 3995 473 4037 oum
492 3995 539 4057 ep.
553 3972 664 4057 Pomp.
684 3974 752 4052 §42
777 3971 850 4034 ‘Per
869 3993 922 4034 eas
941 3971 1003 4035 iter
1021 3971 1108 4035 aliud
1127 3975 1223 4055 atque
1237 3967 1400 4033 Hannibal
1418 3965 1511 4031 nobis

432 4223 457 4288 1)
477 4218 517 4274 cf.
537 4217 628 4273 Schol.
649 4217 731 4272 Gron.
751 4235 778 4286 p.
793 4222 845 4272 442
865 4215 980 4286 (orell).

431 4307 519 4376 1)(31.
543 4307 576 4362 fr.
596 4307 622 4359 II
643 4314 684 4361 11.
704 4312 745 4360 12.
766 4313 808 4361 71.
828 4312 862 4360 86
890 4309 919 4359 61
946 4323 1018 4374 quae
1045 4306 1133 4360 habet
1161 4307 1260 4361 eodem
1287 4321 1413 4360 connexu
1435 4301 1508 4360 Plut.

343 4397 478 4452 8611181
505 4397 538 4450 ού
561 4394 615 4466 γάρ
638 4415 665 4449 τι
688 4395 788 4466 μικρὸν
811 4389 847 4464 ἦν
870 4394 901 4448 τὸ
921 4395 1070 4464 Πομπηίου
1093 4392 1172 4457 κλέος
1194 4391 1254 4447 ἀλλ’
1275 4393 1360 4461 ἤνθει
1378 4393 1439 4448 τότε
1458 4393 1511 4463 μά-

341 4490 419 4540 λιστα
450 4485 520 4556 πρὸς
547 4485 635 4550 δόξαν
664 4480 695 4539 ἐκ
720 4492 776 4538 τῶν
800 4484 865 4552 περὶ
884 4483 995 4538 Σύλλαν
1020 4482 1295 4553 ἀνδραγαθημάτων,
1321 4478 1368 4551 ἐφ’
1396 4481 1437 4545 οἷς
1461 4481 1510 4536 καὶ

341 4575 459 4645 Μάγνος
472 4573 521 4629 ὑπ’
539 4576 625 4628 αὐτοῦ
640 4569 829 4643 ἐπωνομάσθη
848 4581 934 4642 τιμῶν
948 4593 977 4627 τε
991 4575 1169 4645 θριαμβικῶν
1184 4572 1261 4626 οὔπω
1274 4579 1389 4640 γενειῶν
1405 4567 1507 4640 ἔτυχεν.
