3296 5422
626 459 844 522 „13-

150 617 242 682 annis
279 615 424 701 exempla
461 616 501 679 ad
533 614 721 680 Sallustium
757 615 923 680 referenda
955 619 1075 700 censet,
1108 617 1193 701 quod
1225 639 1321 702 quam

149 724 263 788 leviter
286 724 407 788 factum
430 722 473 787 sit
496 723 580 786 infra
603 723 796 788 edocebitur.
822 761 862 768 —
887 721 998 799 Quarti
1020 721 1222 788 Frontiniani
1245 723 1320 787 libri

150 833 313 895 auctorem
328 829 537 914 paucissimos
552 829 668 894 adiisse
683 829 855 914 scriptores
873 851 976 914 neque
991 827 1178 894 Sallustium
1192 820 1321 913 quidem

149 937 267 1023 legisse
286 941 371 1001 recte
391 936 566 1020 disputavit
579 934 736 1001 Wdlfflin.
760 975 799 983 —
822 936 942 1000 Plinii
963 940 1108 1000 auctores
1127 935 1245 1020 quippe
1266 935 1321 1020 qui

150 1045 277 1128 abipso
297 1043 452 1128 scriptore
471 1043 631 1107 indicibus
648 1043 806 1108 nominati
825 1043 899 1127 sint,
917 1043 1003 1106 haud
1022 1042 1151 1107 difficile
1170 1065 1321 1126 persaepe

150 1155 199 1216 est
223 1151 414 1234 discernere,
441 1149 693 1233 praeclarissime
721 1149 807 1214 enirn
829 1146 974 1235 Brunn¹)
1002 1149 1241 1233 demonstravit,
1258 1149 1321 1213 Pli-

148 1259 239 1323 nium
268 1259 379 1323 eodem
407 1256 516 1320 ordine
545 1279 608 1340 quo
636 1255 670 1320 in
698 1255 925 1340 componendis
952 1255 1045 1319 libris
1072 1277 1149 1320 usus
1173 1255 1229 1340 sit,
1252 1277 1322 1335 auc-

149 1370 237 1429 tores
264 1365 298 1428 in
326 1363 446 1428 indices
475 1361 631 1426 retulisse.
682 1361 751 1438 Qua
778 1363 851 1448 lege
877 1365 990 1446 postea
1017 1384 1090 1426 cum
1118 1363 1156 1425 de
1184 1362 1321 1448 singulis
1398 1439 1401 1448 A

150 1469 305 1555 exemplis
333 1470 525 1534 disseremus
548 1473 688 1553 utemur3
712 1467 856 1534 Sallustii
883 1489 959 1532 vcro
982 1485 1099 1532 nomen
1127 1467 1248 1532 nullius
1271 1491 1321 1532 ex·

150 1576 241 1639 hibet
264 1575 340 1639 libri
363 1577 466 1640 index.
493 1615 532 1622 -
556 1575 715 1640 Asconii
738 1575 772 1640 in
796 1574 958 1640 Ciceronis
982 1575 1142 1640 orationes
1165 1597 1322 1640 commen-

150 1682 250 1746 tarios
274 1682 405 1766 optimis
428 1682 490 1747 niti
513 1683 667 1766 fontibus,
690 1682 773 1747 sicut
797 1681 959 1747 Ciceronis
983 1681 1181 1747 orationibus
1205 1682 1322 1766 epistu-

150 1789 268 1873 lisquc,
291 1789 397 1874 Livio,
420 1788 587 1874 Sallusti0,
613 1789 808 1874 Fenestella,
830 1789 954 1872 Attico,
984 1788 1078 1872 actis,
1101 1793 1239 1873 constat3
1262 1789 1322 1853 hac

152 1901 260 1960 autem
295 1895 333 1960 de
364 1901 468 1961 aetate
502 1897 678 1961 Ascanium
707 1897 894 1981 plerumque
927 1896 967 1960 ad
998 1895 1187 1961 Sallustium
1219 1896 1322 1959 redire

150 2002 218 2066 iure
246 2001 457 2090 1111111112)ι
473 2003 665 2088 autumavit,
694 2003 775 2067 bene
802 2000 1051 2088 Lichtenfeldt³)
1084 2003 1321 2067 demonstravit.

149 2108 294 2172 Eandem
317 2111 383 2174 fere
406 2114 502 2194 etque
525 2109 684 2174 Asconius
712 2109 890 2174 doctrinam
918 2109 1090 2174 scholiasta
1117 2109 1322 2174 Bobiensis

150 2215 289 2300 exhibet,
313 2217 368 2302 qui
391 2239 457 2281 non
480 2217 583 2300 multo
606 2221 680 2301 post
704 2216 795 2280 illum
818 2216 935 2281 vixisse
959 2213 1122 2301 videtur.⁴)
1167 2215 1230 2280 Sed
1252 2216 1322 2279 tali-

150 2322 210 2386 bus
238 2323 475 2388 commentariis
504 2324 554 2388 usi
583 2329 658 2388 sunt
681 2328 827 2388 auctores
851 2322 1046 2387 scholiorum
1069 2343 1150 2407 quae
1169 2323 1323 2386 dicuntur

149 2429 389 2494 Ps-Asconii
418 2435 450 2494 et
474 2429 728 2515 Gronoviana3
756 2430 810 2514 qui
838 2435 923 2494 certe
947 2429 1060 2492 iisdem
1087 2429 1232 2493 fontibus
1256 2430 1322 2494 suis

151 2535 268 2599 debent
286 2537 375 2601 locos
394 2536 538 2601 Sallustii
557 2537 731 2601 aliorumve
751 2536 943 2620 scriptorum
967 2535 1093 2620 saepius
1111 2535 1321 2599 laudatorum.

239 2641 498 2727 Exuperantii
519 2644 556 2707 de
576 2643 669 2708 bellis
688 2642 836 2707 civilibus
854 2642 1000 2706 libellum
1020 2641 1114 2725 plane
1133 2664 1150 2704 e
1170 2640 1321 2706 Sallustio

151 2770 336 2832 expressum
360 2749 609 2834 Sallustianique
634 2750 789 2814 sermonis
817 2749 984 2833 particulis
1007 2749 1048 2812 ab
1071 2748 1322 2812 ineruditissimo

150 2855 288 2939 quodam
311 2855 440 2920 homine
464 2839 722 2942 congluhinatum
744 2878 827 2938 esse,
851 2855 936 2940 quod
959 2855 1023 2918 iam
1045 2855 1169 2939 pridem
1193 2855 1322 2939 quidam

151 2962 362 3045 coniecerant,
386 2961 418 3025 0.
437 2960 608 3048 Bursian⁵)
631 2961 883 3026 luculentissime
902 2959 1130 3044 comprobavit.
1168 2960 1216 3023 De
1235 2959 1323 3024 Dio·

151 3067 233 3131 dori
258 3068 402 3152 denique,
426 3067 550 3132 Cassii
573 3068 723 3152 Dionis,
746 3067 971 3151 Memnonis,
994 3066 1110 3132 Grani
1129 3066 1322 3130 Liciniani

151 3173 296 3238 fontibus
319 3175 403 3239 infra
427 3175 557 3240 dicetur.

240 3281 302 3346 Sed
329 3282 408 3346 haec
439 3283 606 3347 hactenus:
634 3282 698 3346 iam
726 3287 896 3367 postquam
926 3280 1105 3368 generatim
1132 3285 1227 3366 atque
1255 3281 1322 3344 uni-

150 3409 240 3452 verse
264 3369 402 3470 quidde
426 3388 619 3472 scriptorum
637 3387 781 3452 fontibus
805 3387 1011 3473 cogitandum
1035 3387 1086 3472 sit,
1109 3388 1323 3472 exposuimus,

151 3493 188 3558 dc
213 3493 415 3579 singulorum
438 3499 605 3559 auctorum
633 3494 770 3580 singulis
797 3495 943 3578 partibus
971 3476 1143 3576 earumque
1166 3495 1205 3557 de
1228 3493 1322 3558 fonti-

151 3601 211 3664 bus
235 3601 454 3664 disserendum
482 3607 544 3686 est,
571 3606 607 3665 ut
636 3601 866 3686 repperiamus,
894 3601 949 3684 qui
980 3601 1195 3685 posteriorum
1227 3600 1322 3683 scrip-

150 3711 257 3772 torum
280 3708 343 3772 loci
367 3731 384 3770 e
408 3707 539 3772 Sallusti
563 3707 708 3772 historiis
731 3707 839 3772 hausti
863 3707 940 3792 sint3
968 3707 1085 3792 quibus
1108 3703 1142 3772 in
1165 3706 1322 3789 quaestio-

150 3814 246 3878 nibus
276 3814 361 3879 hunc
389 3837 504 3899 sequar
532 3814 690 3898 ordinem,
718 3819 754 3878 ut
781 3813 921 3898 primum
950 3835 1045 3899 agam
1077 3813 1115 3876 de
1147 3813 1322 3876 maioribus

151 3943 231 4005 quae
255 3925 332 3986 tunc
354 3921 485 3986 fuerunt
508 3921 611 4006 bellis,
634 3921 672 3986 de
696 3921 852 3985 seditione
875 3919 997 4004 Lepidi,
1020 3918 1322 4016 belloSertorianO,

244 4136 269 4202 1)
289 4133 352 4201 „De
371 4134 518 4186 auctorum
537 4131 678 4186 indicibus
697 4130 856 4190 Plinianis“
877 4136 980 4202 (progr.
998 4131 1085 4187 Bonn.
1107 4135 1194 4202 1816).

259 4225 269 4290 )
289 4223 348 4290 „De
357 4221 484 4276 fontibus
495 4224 524 4278 ct
534 4221 704 4275 auctoritate
715 4221 815 4276 Dionis
825 4220 933 4275 Cassii‘⁸
943 4221 1148 4290 (dissBerolin.
1157 4225 1236 4290 1835)
1245 4241 1271 4292 p.
1280 4229 1320 4276 13.

264 4313 274 4379 )
294 4308 399 4377 „Bresl
419 4309 517 4378 philol.
536 4308 696 4362 Abhandl.“
714 4307 740 4362 Il
759 4312 862 4378 (1888).

246 4403 273 4469 4)
293 4399 333 4456 cf.
366 4397 508 4468 Gaumita,
546 4416 602 4468 „zu
640 4399 703 4451 dem
735 4397 889 4452 Bobienser
927 4397 1180 4454 Ciceroscholiast“
1218 4403 1321 4469 (progr.

150 4487 249 4544 Drasd.
270 4491 356 4558 1884),

243 4579 270 4648 1)
289 4577 322 4630 In
341 4576 465 4632 editione
485 4595 536 4632 sua
553 4582 656 4648 (progr.
675 4575 767 4632 Turio.
789 4579 876 4647 1868).

242 4228 258 4276 2

247 4318 262 4363 3
