3296 5422
645 469 840 530 ,9-

156 631 279 694 rectum
308 631 370 712 est,
403 626 634 692 demonstravit
661 626 738 693 Otto
747 625 787 714 ¹),
819 631 851 692 et
878 631 985 694 totum
1012 629 1051 694 de
1080 628 1174 694 bellis
1201 629 1326 693 Mithri-

156 734 270 800 daticis
301 734 421 800 librum
453 737 485 800 et
516 734 684 820 plerasque
717 733 889 819 ἐμφυλίών
926 739 1034 819 partes
1071 740 1220 820 excerpta
1258 759 1326 800 esse

135 865 174 928 ,e
204 841 372 906 Strabonis
404 841 675 927 hypomnematis3
711 842 808 907 simul
838 842 936 906 etiam
963 843 1068 929 Vogel
1076 841 1102 929 2)
1134 842 1326 927 ubicumque

156 949 268 1014 eodem
287 953 417 1014 auctore
436 948 555 1014 Graeco
576 949 625 1014 usi
644 954 751 1014 essent
769 948 937 1034 Appianas
955 949 1219 1034 Plutarchusque,
1242 951 1327 1014 hunc

148 1039 347 1120 'Strabonem
380 1079 448 1120 esse
480 1056 611 1120 viderat.
662 1055 711 1120 De
743 1056 847 1141 primo
881 1055 1053 1141 ἐμφυλίων
1084 1056 1168 1121 libro
1201 1056 1328 1121 dubitat
1376 1110 1379 1118 ,

156 1162 243 1247 Otto,
266 1163 321 1228 sed
340 1165 425 1227 recte
443 1161 635 1228 Amoldium
658 1185 695 1227 ac
708 1163 882 1248 Vogelium
901 1162 1045 1227 docuisse
1069 1163 1216 1248 arbitror,
1240 1163 1327 1227 Posi-

150 1269 243 1338 donii
281 1268 479 1353 aliorumque
517 1269 709 1352 scriptorum
746 1269 933 1334 memoriam
970 1291 1070 1354 usque
1107 1270 1147 1334 ad
1178 1268 1241 1334 Ic.
1264 1271 1326 1335 106

155 1374 303 1460 Appiano
330 1399 388 1460 per
411 1375 601 1464 Strabonem
629 1375 808 1460 praebitam
832 1399 913 1460 esse,
941 1375 1139 1460 splendidam
1163 1380 1271 1440 autem
1295 1380 1328 1439 et

156 1483 295 1567 amplam
318 1482 426 1548 Sullae
449 1483 647 1568 sepulturam
676 1483 877 1567 splendidum
900 1483 1073 1548 Posidonio
1102 1482 1207 1567 operis
1230 1484 1327 1546 finem

156 1590 280 1654 dedisse
307 1613 373 1655 non
401 1593 450 1654 est
478 1612 534 1655 cur
561 1612 724 1676 negemus.
771 1589 833 1654 Sed
855 1590 949 1674 plane
975 1589 1136 1656 diversum
1164 1593 1212 1654 est
1240 1611 1327 1654 enar-

155 1696 290 1761 rationis
320 1695 504 1782 Appianeae
540 1717 642 1782 genus
679 1696 753 1761 inde
786 1720 806 1760 a
840 1697 943 1781 capite
968 1699 1029 1764 107
1065 1696 1100 1784 (i.
1124 1719 1149 1761 e.
1184 1696 1257 1760 inde
1287 1697 1328 1760 ab

155 1826 239 1868 anno
260 1801 330 1889 78),
352 1826 371 1867 a
390 1826 453 1888 quo
477 1826 578 1888 usque
602 1804 642 1868 ad
664 1802 765 1868 lib.H
784 1807 843 1868 cl
868 1803 1020 1868 Sallustio
1044 1826 1118 1868 eum
1141 1826 1235 1868 usum
1258 1825 1327 1868 esse

155 1911 245 1974 fonte
275 1910 441 1976 contendo.
486 1910 617 1976 Etenim
647 1911 681 1975 in
711 1911 841 1976 secundi
871 1911 947 1975 libri
975 1911 1013 1975 de
1042 1909 1228 1975 Catilinaria
1256 1932 1327 1974 con-

156 2016 315 2081 iuratione
337 2021 428 2102 parte
447 2016 592 2083 Sallustii
615 2018 832 2083 narrationem
850 2041 924 2083 cum
942 2018 1074 2082 alterius
1093 2017 1233 2083 auctoris
1256 2040 1327 2082 con-

156 2123 350 2208 glutinatam
369 2146 437 2189 esse
457 2122 628 2210 constat³)3
651 2125 685 2189 in
703 2125 799 2209 primi
818 2146 945 2209 quoque
963 2125 1038 2189 libri
1057 2127 1120 2189 fine
1139 2124 1327 2190 Sallustium

156 2253 282 2314 semper
313 2231 380 2294 fere
412 2235 597 2315 excerptum
630 2253 699 2296 esse
728 2231 873 2314 quamvis
904 2231 1099 2317 negantibus
1122 2231 1266 2316 Wijnnio
1295 2235 1327 2294 et

155 2335 311 2401 Arnoldio
326 2337 411 2402 infra
424 2338 642 2402 demonstrare
657 2338 801 2402 studebo.
830 2377 871 2384 -
895 2336 1000 2421 Ipsius
1019 2337 1222 2404 Strabonis
1241 2361 1327 2423 mag-

155 2467 234 2507 num
248 2444 328 2508 illud
342 2444 534 2529 doctumque
554 2468 634 2529 opus
654 2445 802 2528 ἱστορικὰ
815 2445 1035 2528 ὑπομνήματα
1052 2445 1235 2528 nuperrime
1250 2443 1327 2508 Otto
1390 2505 1399 2520 ,

157 2573 195 2615 ex
219 2551 390 2616 oblivionis
413 2551 555 2616 tenebris
579 2555 724 2635 ereptum
747 2550 902 2636 restituit,
926 2551 982 2615 sed
1000 2574 1155 2636 quosnam
1178 2549 1328 2614 habuerit

157 2661 303 2723 auctores
326 2657 451 2745 Strabo,
475 2659 700 2724 difficillimum
724 2658 899 2724 diiudicata
922 2662 980 2744 est,
1004 2658 1155 2743 quoniam
1178 2658 1241 2743 ille,
1265 2679 1327 2741 qua

157 2769 225 2829 erat
253 2765 397 2831 doctrina
425 2789 461 2832 ac
488 2766 657 2853 diligentia
684 2766 1187 2858 permultos-diversissimosque
1219 2787 1326 2829 rerum

157 2872 329 2957 scriptores
365 2873 472 2960 legere
514 2878 546 2938 et
586 2873 621 2938 in
657 2895 751 2938 usum
788 2895 882 2938 suum
919 2895 1086 2958 excerpere
1119 2873 1250 2937 solebat.
1285 2911 1325 2918 —-

156 2979 389 3044 Plutarchus
412 2980 494 3046 hanc
517 2984 656 3045 aetatem
679 2980 713 3044 in
732 2979 853 3064 Sullae,
875 2980 1035 3065 Pompeii,
1058 2979 1193 3064 Sertori,
1213 2977 1327 3062 Crassi,

156 3085 282 3152 Luculli
301 3086 377 3150 vitis
396 3087 564 3171 enarravit,
587 3109 722 3172 quarum
741 3086 880 3150 maxima
902 3109 976 3171 pars
1000 3110 1017 3151 e
1036 3085 1189 3151 Sallustio
1211 3085 1328 3150 hausta

156 3217 226 3259 esse
248 3191 398 3281 Peter0⁴)
420 3194 489 3259 vira
512 3195 569 3259 est.
616 3193 718 3272 Quam
746 3194 938 3258 sententiam
966 3194 1026 3259 etsi
1049 3193 1181 3258 minime
1203 3193 1327 3277 falsam,

157 3352 293 3408 tuendum
312 3367 373 3406 esse
392 3351 520 3421 Appiano
539 3352 746 3422 Plutarchoque
765 3369 941 3407 communem
959 3351 1083 3406 Thour'et
1100 3351 1131 3406 in
1145 3350 1218 3406 stud.
1229 3349 1327 3420 Lips.I

156 3459 183 3510 p.
198 3446 251 3495 333
262 3457 302 3508 sq.
317 3438 504 3510 intellexerat,
522 3441 597 3495 hunc
616 3443 712 3496 autem
726 3441 893 3497 Strabonem
907 3457 968 3496 esse
983 3440 1041 3496 iam
1054 3440 1182 3509 Judeich,
1202 3439 1327 3510 „Caesen

156 3529 196 3583 im
215 3528 334 3584 Orient“
355 3530 448 3599 (1886)
465 3545 493 3598 p.
508 3534 543 3584 46
562 3527 729 3584 coniecerat.

247 3619 274 3688 1)
292 3615 513 3687 8661161111
531 3618 623 3688 suppl.
643 3620 744 3688 (1888).
778 3617 908 3672 Ceterum
932 3618 1001 3672 data
1020 3619 1167 3674 occasione
1186 3636 1243 3673 non
1261 3635 1324 3688 pos-

158 3726 232 3776 sum,
256 3705 325 3776 quin
344 3706 454 3775 Ottoni,
478 3705 539 3761 viro
562 3705 755 3761 illustrissimo
778 3705 914 3760 maximas
938 3723 1027 3776 agam·
1044 3706 1160 3776 gratias.
1198 3707 1252 3772 Qui
1270 3724 1326 3762 non
1399 3767 1403 3776 ¹

158 3797 249 3852 solum
267 3795 340 3851 libro
359 3812 409 3851 suo
428 3794 653 3867 praeclarissimo
671 3797 700 3850 ot
717 3812 762 3850 me
781 3797 811 3850 ct
834 3813 930 3850 omnes
949 3799 1061 3851 nostrae
1080 3795 1246 3866 disciplinae
1270 3798 1326 3850 stu-

157 3887 250 3941 diosos
265 3885 425 3953 amicosque
439 3902 542 3954 magno
562 3884 656 3940 affecit
669 3883 821 3954 beneficio,
833 3884 883 3939 sed
902 3903 958 3954 qua
976 3886 1020 3939 est
1038 3884 1173 3951 doctrina,
1192 3883 1325 3939 comitate

156 3973 397 4042 humanitateque,
416 3989 461 4028 me
475 3991 585 4043 quoque
600 3974 713 4044 saepius
732 3990 747 4028 e
761 3973 901 4044 profunda
915 3973 1096 4029 scientiarum
1111 3972 1327 4042 copiadonavit

158 4067 187 4120 et
204 4065 258 4119 hac
275 4063 305 4117 in
324 4061 574 4117 dissertatiuncula
592 4061 708 4118 adiuvit.

245 4157 273 4218 2)
291 4151 499 4222 „Quaestiones
517 4152 725 4208 Plutarcheae⁸‘
744 4152 822 4223 (diss.
841 4152 984 4222 Marburg.
1005 4155 1090 4221 1889)

246 4245 274 4312 3)
292 4240 407 4310 Wijnne
425 4241 444 4296 l.
463 4241 481 4296 l.
501 4259 528 4310 p.
548 4249 595 4308 41;
615 4241 801 4296 Wiedemann
819 4241 850 4294 in
867 4241 968 4297 Philol.
989 4242 1053 4296 XXI
1071 4261 1098 4312 p.
1117 4247 1182 4310 4⁷33
1202 4242 1278 4297 chi
1295 4242 1325 4296 in

157 4349 220 4386 ann.
239 4329 308 4400 phil.
330 4335 398 4385 18'16
416 4349 443 4400 p.
459 4335 522 4397 8663
549 4329 750 4400 Schliephake,
774 4330 971 4400 „griechische
990 4329 1107 4396 Quellen
1130 4349 1180 4385 aur
1197 4330 1325 4386 catilina-

155 4421 268 4475 rischen
285 4419 533 4489 Verechwtrung“
559 4423 664 4489 (progr.
690 4419 912 4487 Goslar.18'1'l);
946 4420 1069 4475 Buresch
1091 4419 1122 4474 in
1154 4422 1324 4490 „comment

158 4508 314 4564 Ribbeckfl
334 4526 360 4577 p.
376 4514 436 4563 811.

245 4600 273 4668 4)
292 4596 431 4666 „Quellen
448 4597 596 4652 Plutarchs
613 4596 643 4652 in
661 4598 717 4653 den
734 4597 941 4668 Biogmphieen
960 4597 1011 4652 der
1028 4599 1151 4653 Romer‘*
1171 4604 1248 4655 1866.
