<?xml version="1.0" encoding="UTF-8"?>
<!DOCTYPE html PUBLIC "-//W3C//DTD XHTML 1.0 Transitional//EN"
    "http://www.w3.org/TR/xhtml1/DTD/xhtml1-transitional.dtd">
<html xmlns="http://www.w3.org/1999/xhtml" xml:lang="en" lang="en">
 <head>
  <title>
</title>
<meta http-equiv="Content-Type" content="text/html;charset=utf-8" />
  <meta name='ocr-system' content='tesseract 3.04.00' />
  <meta name='ocr-capabilities' content='ocr_page ocr_carea ocr_par ocr_line ocrx_word'/>
</head>
<body>
  <div class='ocr_page' id='page_1' title='image "./quaestionumsall00maurgoog_0035.png"; bbox 0 0 3296 5422; ppageno 0'>
   <div class='ocr_carea' id='block_1_1' title="bbox 835 437 1054 500">
    <p class='ocr_par' dir='ltr' id='par_1_1' title="bbox 835 437 1054 500">
     <span class='ocr_line' id='line_1_1' title="bbox 835 437 1054 500; baseline -0.005 -18"><span class='ocrx_word' id='word_1_1' title='bbox 835 437 1054 500; x_wconf 74' lang='lat'>-30-</span> 
     </span>
    </p>
   </div>
   <div class='ocr_carea' id='block_1_2' title="bbox 353 591 1547 2603">
    <p class='ocr_par' dir='ltr' id='par_1_2' title="bbox 353 591 1547 2603">
     <span class='ocr_line' id='line_1_2' title="bbox 360 591 1534 680; baseline -0.003 -21"><span class='ocrx_word' id='word_1_2' title='bbox 360 593 414 660; x_wconf 83' lang='grc' dir='ltr'>καλ</span> <span class='ocrx_word' id='word_1_3' title='bbox 434 595 602 660; x_wconf 76' lang='grc' dir='ltr'><em>διδάσκων</em></span> <span class='ocrx_word' id='word_1_4' title='bbox 622 597 809 680; x_wconf 84' lang='grc' dir='ltr'><em>Σερτώριος</em></span> <span class='ocrx_word' id='word_1_5' title='bbox 828 591 888 659; x_wconf 83' lang='grc' dir='ltr'>οὐκ</span> <span class='ocrx_word' id='word_1_6' title='bbox 912 597 1023 680; x_wconf 74' lang='grc' dir='ltr'><em>ἔπειθε</em></span> <span class='ocrx_word' id='word_1_7' title='bbox 1043 615 1115 657; x_wconf 90' lang='lat' dir='ltr'>cum</span> <span class='ocrx_word' id='word_1_8' title='bbox 1133 593 1236 677; x_wconf 81' lang='lat' dir='ltr'>Exup.</span> <span class='ocrx_word' id='word_1_9' title='bbox 1255 617 1285 678; x_wconf 92' lang='lat' dir='ltr'>p.</span> <span class='ocrx_word' id='word_1_10' title='bbox 1304 595 1335 679; x_wconf 83' lang='lat'>4,</span> <span class='ocrx_word' id='word_1_11' title='bbox 1349 595 1383 660; x_wconf 80' lang='lat'>5:</span> <span class='ocrx_word' id='word_1_12' title='bbox 1407 593 1534 678; x_wconf 75' lang='lat' dir='ltr'>‘parato</span> 
     </span>
     <span class='ocr_line' id='line_1_3' title="bbox 359 698 1534 785; baseline -0.002 -19"><span class='ocrx_word' id='word_1_13' title='bbox 359 701 556 766; x_wconf 88' lang='lat' dir='ltr'>validissime</span> <span class='ocrx_word' id='word_1_14' title='bbox 589 701 730 765; x_wconf 86' lang='lat' dir='ltr'>exercitu</span> <span class='ocrx_word' id='word_1_15' title='bbox 762 723 945 785; x_wconf 71' lang='lat' dir='ltr'>processere</span> <span class='ocrx_word' id='word_1_16' title='bbox 978 705 1010 764; x_wconf 91' lang='lat' dir='ltr'>et</span> <span class='ocrx_word' id='word_1_17' title='bbox 1041 703 1169 765; x_wconf 79' lang='lat' dir='ltr'>vetante</span> <span class='ocrx_word' id='word_1_18' title='bbox 1197 698 1339 764; x_wconf 90' lang='lat' dir='ltr'>Sertorio</span> <span class='ocrx_word' id='word_1_19' title='bbox 1372 701 1534 784; x_wconf 88' lang='lat' dir='ltr'>colloquia</span> 
     </span>
     <span class='ocr_line' id='line_1_4' title="bbox 359 806 1534 891; baseline -0.002 -19"><span class='ocrx_word' id='word_1_20' title='bbox 359 807 506 872; x_wconf 89' lang='lat' dir='ltr'>consules</span> <span class='ocrx_word' id='word_1_21' title='bbox 537 807 751 891; x_wconf 88' lang='lat' dir='ltr'>permiserunt</span> <span class='ocrx_word' id='word_1_22' title='bbox 779 807 862 870; x_wconf 89' lang='lat' dir='ltr'>inter</span> <span class='ocrx_word' id='word_1_23' title='bbox 891 829 963 872; x_wconf 90' lang='lat' dir='ltr'>eum</span> <span class='ocrx_word' id='word_1_24' title='bbox 991 812 1023 872; x_wconf 87' lang='lat' dir='ltr'>et</span> <span class='ocrx_word' id='word_1_25' title='bbox 1050 806 1157 871; x_wconf 77' lang='lat' dir='ltr'>Sullae</span> <span class='ocrx_word' id='word_1_26' title='bbox 1185 807 1359 872; x_wconf 85' lang='lat' dir='ltr'>exercitum</span> <span class='ocrx_word' id='word_1_27' title='bbox 1387 812 1419 871; x_wconf 92' lang='lat' dir='ltr'>et</span> <span class='ocrx_word' id='word_1_28' title='bbox 1446 808 1534 872; x_wconf 84' lang='lat' dir='ltr'>facta</span> 
     </span>
     <span class='ocr_line' id='line_1_5' title="bbox 359 913 1533 998; baseline 0 -20"><span class='ocrx_word' id='word_1_29' title='bbox 359 914 499 998; x_wconf 90' lang='lat' dir='ltr'>proditio</span> <span class='ocrx_word' id='word_1_30' title='bbox 534 919 582 980; x_wconf 87' lang='lat' dir='ltr'>est</span> <span class='ocrx_word' id='word_1_31' title='bbox 613 913 780 998; x_wconf 90' lang='lat' dir='ltr'>omnisque</span> <span class='ocrx_word' id='word_1_32' title='bbox 811 914 969 980; x_wconf 87' lang='lat' dir='ltr'>exercitus</span> <span class='ocrx_word' id='word_1_33' title='bbox 999 913 1105 980; x_wconf 81' lang='lat' dir='ltr'>Sullae</span> <span class='ocrx_word' id='word_1_34' title='bbox 1137 913 1290 978; x_wconf 88' lang='lat' dir='ltr'>traditur&#39;</span> <span class='ocrx_word' id='word_1_35' title='bbox 1325 918 1358 978; x_wconf 91' lang='lat' dir='ltr'>et</span> <span class='ocrx_word' id='word_1_36' title='bbox 1387 913 1462 980; x_wconf 91' lang='lat' dir='ltr'>Sall.</span> <span class='ocrx_word' id='word_1_37' title='bbox 1493 915 1533 978; x_wconf 84' lang='lat' dir='ltr'>fr.</span> 
     </span>
     <span class='ocr_line' id='line_1_6' title="bbox 358 1019 1547 1108; baseline 0.002 -24"><span class='ocrx_word' id='word_1_38' title='bbox 358 1019 381 1084; x_wconf 93' lang='lat' dir='ltr'>I.</span> <span class='ocrx_word' id='word_1_39' title='bbox 405 1022 463 1087; x_wconf 76' lang='lat'>57:</span> <span class='ocrx_word' id='word_1_40' title='bbox 498 1020 613 1086; x_wconf 75' lang='lat' dir='ltr'>‘Cuius</span> <span class='ocrx_word' id='word_1_41' title='bbox 641 1021 773 1085; x_wconf 88' lang='lat' dir='ltr'>adversa</span> <span class='ocrx_word' id='word_1_42' title='bbox 804 1021 969 1108; x_wconf 80' lang='lat' dir='ltr'>uoluntate</span> <span class='ocrx_word' id='word_1_43' title='bbox 997 1021 1156 1106; x_wconf 88' lang='lat' dir='ltr'>colloquio</span> <span class='ocrx_word' id='word_1_44' title='bbox 1188 1020 1346 1085; x_wconf 77' lang='lat' dir='ltr'>militibus</span> <span class='ocrx_word' id='word_1_45' title='bbox 1373 1021 1547 1105; x_wconf 81' lang='lat' dir='ltr'>permisso</span> 
     </span>
     <span class='ocr_line' id='line_1_7' title="bbox 359 1112 1534 1213; baseline 0.001 -22"><span class='ocrx_word' id='word_1_46' title='bbox 359 1127 522 1213; x_wconf 73' lang='lat' dir='ltr'>corruptio</span> <span class='ocrx_word' id='word_1_47' title='bbox 558 1128 642 1192; x_wconf 87' lang='lat' dir='ltr'>facta</span> <span class='ocrx_word' id='word_1_48' title='bbox 676 1112 851 1212; x_wconf 83' lang='lat' dir='ltr'>paucorum</span> <span class='ocrx_word' id='word_1_49' title='bbox 888 1133 920 1194; x_wconf 87' lang='lat' dir='ltr'>et</span> <span class='ocrx_word' id='word_1_50' title='bbox 955 1129 1112 1194; x_wconf 84' lang='lat' dir='ltr'>exereitus</span> <span class='ocrx_word' id='word_1_51' title='bbox 1143 1127 1250 1192; x_wconf 78' lang='lat' dir='ltr'>Sullae</span> <span class='ocrx_word' id='word_1_52' title='bbox 1282 1127 1420 1192; x_wconf 80' lang='lat' dir='ltr'>tradItus</span> <span class='ocrx_word' id='word_1_53' title='bbox 1452 1128 1534 1212; x_wconf 81' lang='lat' dir='ltr'>cst&#39;3</span> 
     </span>
     <span class='ocr_line' id='line_1_8' title="bbox 359 1233 1533 1322; baseline 0.002 -24"><span class='ocrx_word' id='word_1_54' title='bbox 359 1236 430 1298; x_wconf 87' lang='lat' dir='ltr'>tum</span> <span class='ocrx_word' id='word_1_55' title='bbox 452 1233 537 1299; x_wconf 90' lang='lat' dir='ltr'>Plut.</span> <span class='ocrx_word' id='word_1_56' title='bbox 557 1257 581 1299; x_wconf 91' lang='lat' dir='ltr'>c.</span> <span class='ocrx_word' id='word_1_57' title='bbox 602 1237 636 1300; x_wconf 84' lang='lat'>6:</span> <span class='ocrx_word' id='word_1_58' title='bbox 663 1237 865 1321; x_wconf 85' lang='grc' dir='ltr'><em>παραλαβὼν</em></span> <span class='ocrx_word' id='word_1_59' title='bbox 893 1233 931 1300; x_wconf 76' lang='grc' dir='ltr'>δὲ</span> <span class='ocrx_word' id='word_1_60' title='bbox 959 1239 1042 1320; x_wconf 73' lang='grc' dir='ltr'><em>ἔθνη</em></span> <span class='ocrx_word' id='word_1_61' title='bbox 1063 1237 1152 1322; x_wconf 80' lang='grc' dir='ltr'><em>,πρὸς</em></span> <span class='ocrx_word' id='word_1_62' title='bbox 1174 1234 1256 1318; x_wconf 79' lang='grc' dir='ltr'><em>ὅλην</em></span> <span class='ocrx_word' id='word_1_63' title='bbox 1278 1246 1385 1311; x_wconf 83' lang='grc' dir='ltr'><em>κακῶς</em></span> <span class='ocrx_word' id='word_1_64' title='bbox 1408 1236 1533 1300; x_wconf 86' lang='grc' dir='ltr'><em>διακεί-</em></span> 
     </span>
     <span class='ocr_line' id='line_1_9' title="bbox 359 1341 1534 1430; baseline 0.002 -24"><span class='ocrx_word' id='word_1_65' title='bbox 359 1365 442 1426; x_wconf 87' lang='grc' dir='ltr'><em>μενα</em></span> <span class='ocrx_word' id='word_1_66' title='bbox 468 1344 530 1427; x_wconf 79' lang='grc' dir='ltr'><em>τὴν</em></span> <span class='ocrx_word' id='word_1_67' title='bbox 561 1342 759 1427; x_wconf 78' lang='grc' dir='ltr'><em>ἡγεμονίαν,</em></span> <span class='ocrx_word' id='word_1_68' title='bbox 790 1341 1018 1426; x_wconf 78' lang='grc' dir='ltr'><em>ἀνελάμβανεν</em></span> <span class='ocrx_word' id='word_1_69' title='bbox 1050 1343 1162 1430; x_wconf 78' lang='grc' dir='ltr'><strong><em>ὁμιλίᾳ</em></strong></span> <span class='ocrx_word' id='word_1_70' title='bbox 1195 1365 1230 1407; x_wconf 89' lang='grc' dir='ltr'>τε</span> <span class='ocrx_word' id='word_1_71' title='bbox 1263 1344 1340 1418; x_wconf 84' lang='grc' dir='ltr'><em>τοὺς</em></span> <span class='ocrx_word' id='word_1_72' title='bbox 1367 1343 1534 1419; x_wconf 83' lang='grc' dir='ltr'><em>δυνατοὺς</em></span> 
     </span>
     <span class='ocr_line' id='line_1_10' title="bbox 358 1446 1533 1536; baseline 0 -24"><span class='ocrx_word' id='word_1_73' title='bbox 358 1446 413 1512; x_wconf 87' lang='grc' dir='ltr'>καλ</span> <span class='ocrx_word' id='word_1_74' title='bbox 439 1452 555 1536; x_wconf 82' lang='grc' dir='ltr'><em>φόρων</em></span> <span class='ocrx_word' id='word_1_75' title='bbox 581 1447 691 1514; x_wconf 79' lang='grc' dir='ltr'><em>ἀνέσει</em></span> <span class='ocrx_word' id='word_1_76' title='bbox 716 1451 794 1526; x_wconf 83' lang='grc' dir='ltr'><em>τοδς</em></span> <span class='ocrx_word' id='word_1_77' title='bbox 813 1450 958 1526; x_wconf 87' lang='grc' dir='ltr'><em>πολλούς</em></span> <span class='ocrx_word' id='word_1_78' title='bbox 986 1471 1058 1514; x_wconf 91' lang='lat' dir='ltr'>cum</span> <span class='ocrx_word' id='word_1_79' title='bbox 1081 1448 1184 1534; x_wconf 80' lang='lat' dir='ltr'>Exup.</span> <span class='ocrx_word' id='word_1_80' title='bbox 1207 1472 1237 1533; x_wconf 89' lang='lat' dir='ltr'>p.</span> <span class='ocrx_word' id='word_1_81' title='bbox 1256 1448 1287 1532; x_wconf 85' lang='lat'>5,</span> <span class='ocrx_word' id='word_1_82' title='bbox 1305 1448 1340 1513; x_wconf 82' lang='lat'>5:</span> <span class='ocrx_word' id='word_1_83' title='bbox 1367 1447 1447 1524; x_wconf 80' lang='lat' dir='ltr'>‘Sed</span> <span class='ocrx_word' id='word_1_84' title='bbox 1475 1449 1533 1513; x_wconf 94' lang='lat' dir='ltr'>ubi</span> 
     </span>
     <span class='ocr_line' id='line_1_11' title="bbox 358 1554 1532 1640; baseline 0 -22"><span class='ocrx_word' id='word_1_85' title='bbox 358 1555 392 1618; x_wconf 91' lang='lat' dir='ltr'>in</span> <span class='ocrx_word' id='word_1_86' title='bbox 418 1555 616 1640; x_wconf 82' lang='lat' dir='ltr'>provinciam</span> <span class='ocrx_word' id='word_1_87' title='bbox 647 1555 749 1640; x_wconf 84' lang='lat' dir='ltr'>venit,</span> <span class='ocrx_word' id='word_1_88' title='bbox 781 1554 828 1618; x_wconf 88' lang='lat' dir='ltr'>ita</span> <span class='ocrx_word' id='word_1_89' title='bbox 856 1558 984 1620; x_wconf 86' lang='lat' dir='ltr'>strenue</span> <span class='ocrx_word' id='word_1_90' title='bbox 1018 1555 1177 1620; x_wconf 84' lang='lat' dir='ltr'>sociorum</span> <span class='ocrx_word' id='word_1_91' title='bbox 1205 1554 1330 1620; x_wconf 86' lang='lat' dir='ltr'>animos</span> <span class='ocrx_word' id='word_1_92' title='bbox 1360 1555 1425 1620; x_wconf 92' lang='lat' dir='ltr'>iam</span> <span class='ocrx_word' id='word_1_93' title='bbox 1456 1555 1532 1619; x_wconf 91' lang='lat' dir='ltr'>defi-</span> 
     </span>
     <span class='ocr_line' id='line_1_12' title="bbox 357 1661 1533 1748; baseline 0 -22"><span class='ocrx_word' id='word_1_94' title='bbox 357 1662 477 1727; x_wconf 82' lang='lat' dir='ltr'>cientes</span> <span class='ocrx_word' id='word_1_95' title='bbox 496 1666 591 1748; x_wconf 88' lang='lat' dir='ltr'>atque</span> <span class='ocrx_word' id='word_1_96' title='bbox 610 1662 673 1726; x_wconf 86' lang='lat' dir='ltr'>alia</span> <span class='ocrx_word' id='word_1_97' title='bbox 692 1661 856 1746; x_wconf 90' lang='lat' dir='ltr'>cupientes</span> <span class='ocrx_word' id='word_1_98' title='bbox 875 1663 909 1726; x_wconf 93' lang='lat' dir='ltr'>in</span> <span class='ocrx_word' id='word_1_99' title='bbox 923 1663 1066 1728; x_wconf 83' lang='lat' dir='ltr'>favorem</span> <span class='ocrx_word' id='word_1_100' title='bbox 1083 1661 1224 1747; x_wconf 89' lang='lat' dir='ltr'>partium</span> <span class='ocrx_word' id='word_1_101' title='bbox 1239 1684 1368 1728; x_wconf 88' lang='lat' dir='ltr'>suarum</span> <span class='ocrx_word' id='word_1_102' title='bbox 1387 1661 1533 1727; x_wconf 88' lang='lat' dir='ltr'>modeste</span> 
     </span>
     <span class='ocr_line' id='line_1_13' title="bbox 356 1769 1533 1854; baseline 0 -22"><span class='ocrx_word' id='word_1_103' title='bbox 356 1769 475 1833; x_wconf 89' lang='lat' dir='ltr'>tuendo</span> <span class='ocrx_word' id='word_1_104' title='bbox 503 1773 598 1853; x_wconf 86' lang='lat' dir='ltr'>atque</span> <span class='ocrx_word' id='word_1_105' title='bbox 626 1769 817 1834; x_wconf 91' lang='lat' dir='ltr'>blandiendo</span> <span class='ocrx_word' id='word_1_106' title='bbox 840 1769 999 1854; x_wconf 80' lang='lat' dir='ltr'>perduxit,</span> <span class='ocrx_word' id='word_1_107' title='bbox 1022 1773 1058 1833; x_wconf 95' lang='lat' dir='ltr'>ut</span> <span class='ocrx_word' id='word_1_108' title='bbox 1087 1773 1120 1832; x_wconf 90' lang='lat' dir='ltr'>et</span> <span class='ocrx_word' id='word_1_109' title='bbox 1143 1791 1234 1834; x_wconf 85' lang='lat' dir='ltr'>carus</span> <span class='ocrx_word' id='word_1_110' title='bbox 1258 1773 1342 1833; x_wconf 88' lang='lat' dir='ltr'>esset</span> <span class='ocrx_word' id='word_1_111' title='bbox 1366 1773 1533 1834; x_wconf 89' lang='lat' dir='ltr'>ettamen</span> 
     </span>
     <span class='ocr_line' id='line_1_14' title="bbox 356 1873 1533 1960; baseline 0 -22"><span class='ocrx_word' id='word_1_112' title='bbox 356 1876 397 1940; x_wconf 91' lang='lat' dir='ltr'>ab</span> <span class='ocrx_word' id='word_1_113' title='bbox 421 1875 569 1939; x_wconf 84' lang='lat' dir='ltr'>omnibus</span> <span class='ocrx_word' id='word_1_114' title='bbox 597 1874 779 1940; x_wconf 91' lang='lat' dir='ltr'>timeretur’</span> <span class='ocrx_word' id='word_1_115' title='bbox 805 1879 836 1940; x_wconf 92' lang='lat' dir='ltr'>et</span> <span class='ocrx_word' id='word_1_116' title='bbox 856 1873 930 1940; x_wconf 90' lang='lat' dir='ltr'>Sall.</span> <span class='ocrx_word' id='word_1_117' title='bbox 949 1876 987 1940; x_wconf 86' lang='lat' dir='ltr'>fr.</span> <span class='ocrx_word' id='word_1_118' title='bbox 1011 1875 1070 1939; x_wconf 90' lang='lat' dir='ltr'>inc.</span> <span class='ocrx_word' id='word_1_119' title='bbox 1096 1878 1113 1940; x_wconf 77' lang='lat'><strong>7</strong></span> <span class='ocrx_word' id='word_1_120' title='bbox 1117 1877 1152 1940; x_wconf 85' lang='lat'>9:</span> <span class='ocrx_word' id='word_1_121' title='bbox 1180 1875 1324 1940; x_wconf 76' lang='lat' dir='ltr'>‘Modico</span> <span class='ocrx_word' id='word_1_122' title='bbox 1346 1898 1473 1960; x_wconf 90' lang='lat' dir='ltr'>quoque</span> <span class='ocrx_word' id='word_1_123' title='bbox 1498 1879 1533 1940; x_wconf 91' lang='lat' dir='ltr'>et</span> 
     </span>
     <span class='ocr_line' id='line_1_15' title="bbox 356 1981 1532 2070; baseline 0.001 -24"><span class='ocrx_word' id='word_1_124' title='bbox 356 1981 496 2068; x_wconf 84' lang='lat' dir='ltr'>eleganti</span> <span class='ocrx_word' id='word_1_125' title='bbox 515 1981 649 2066; x_wconf 86' lang='lat' dir='ltr'>imperio</span> <span class='ocrx_word' id='word_1_126' title='bbox 668 2004 818 2066; x_wconf 85' lang='lat' dir='ltr'>percarus</span> <span class='ocrx_word' id='word_1_127' title='bbox 841 1981 933 2068; x_wconf 79' lang='lat' dir='ltr'>fuit’3</span> <span class='ocrx_word' id='word_1_128' title='bbox 959 1981 1072 2046; x_wconf 86' lang='lat' dir='ltr'>deinde</span> <span class='ocrx_word' id='word_1_129' title='bbox 1090 1981 1175 2047; x_wconf 90' lang='lat' dir='ltr'>Plut.</span> <span class='ocrx_word' id='word_1_130' title='bbox 1189 2004 1215 2046; x_wconf 92' lang='lat' dir='ltr'>o.</span> <span class='ocrx_word' id='word_1_131' title='bbox 1235 1984 1280 2047; x_wconf 72' lang='lat' dir='ltr'>I:</span> <span class='ocrx_word' id='word_1_132' title='bbox 1292 1985 1532 2070; x_wconf 77' lang='grc' dir='ltr'><em>Καλπουρνίου</em></span> 
     </span>
     <span class='ocr_line' id='line_1_16' title="bbox 356 2086 1532 2176; baseline 0 -22"><span class='ocrx_word' id='word_1_133' title='bbox 356 2086 393 2154; x_wconf 73' lang='grc' dir='ltr'>δὲ</span> <span class='ocrx_word' id='word_1_134' title='bbox 416 2091 505 2166; x_wconf 86' lang='grc' dir='ltr'><em>τινὸς</em></span> <span class='ocrx_word' id='word_1_135' title='bbox 527 2089 699 2173; x_wconf 81' lang='grc' dir='ltr'><em>ἐπίκλησιν</em></span> <span class='ocrx_word' id='word_1_136' title='bbox 718 2093 890 2176; x_wconf 81' lang='grc' dir='ltr'><em>Λαναρίου</em></span> <span class='ocrx_word' id='word_1_137' title='bbox 911 2091 1199 2175; x_wconf 76' lang='grc' dir='ltr'><em>δολοφονήσαντος</em></span> <span class='ocrx_word' id='word_1_138' title='bbox 1217 2091 1276 2154; x_wconf 87' lang='grc' dir='ltr'><em>τὸν</em></span> <span class='ocrx_word' id='word_1_139' title='bbox 1295 2087 1436 2155; x_wconf 87' lang='grc' dir='ltr'><em>Ἰούλιον</em></span> <span class='ocrx_word' id='word_1_140' title='bbox 1455 2111 1532 2154; x_wconf 88' lang='lat' dir='ltr'>cum</span> 
     </span>
     <span class='ocr_line' id='line_1_17' title="bbox 357 2193 1533 2281; baseline 0.002 -21"><span class='ocrx_word' id='word_1_141' title='bbox 357 2195 432 2260; x_wconf 89' lang='lat' dir='ltr'>Sall.</span> <span class='ocrx_word' id='word_1_142' title='bbox 452 2197 489 2260; x_wconf 86' lang='lat' dir='ltr'>fr.</span> <span class='ocrx_word' id='word_1_143' title='bbox 498 2193 537 2281; x_wconf 85' lang='lat'>¹):</span> <span class='ocrx_word' id='word_1_144' title='bbox 561 2195 738 2260; x_wconf 80' lang='lat' dir='ltr'>‘Salinator</span> <span class='ocrx_word' id='word_1_145' title='bbox 761 2195 795 2260; x_wconf 89' lang='lat' dir='ltr'>in</span> <span class='ocrx_word' id='word_1_146' title='bbox 817 2196 948 2281; x_wconf 78' lang='lat' dir='ltr'>agmine</span> <span class='ocrx_word' id='word_1_147' title='bbox 969 2195 1150 2280; x_wconf 83' lang='lat' dir='ltr'>occiditur’‚</span> <span class='ocrx_word' id='word_1_148' title='bbox 1172 2218 1248 2260; x_wconf 86' lang='lat' dir='ltr'>mox</span> <span class='ocrx_word' id='word_1_149' title='bbox 1270 2195 1403 2260; x_wconf 85' lang='lat' dir='ltr'>ibidem:</span> <span class='ocrx_word' id='word_1_150' title='bbox 1430 2193 1533 2274; x_wconf 87' lang='grc' dir='ltr'><em>αὐτὸς</em></span> 
     </span>
     <span class='ocr_line' id='line_1_18' title="bbox 358 2299 1532 2389; baseline 0 -21"><span class='ocrx_word' id='word_1_151' title='bbox 358 2303 486 2386; x_wconf 85' lang='grc' dir='ltr'><em>ὀλίγαις</em></span> <span class='ocrx_word' id='word_1_152' title='bbox 508 2301 607 2368; x_wconf 83' lang='grc' dir='ltr'><em>ναυσὶ</em></span> <span class='ocrx_word' id='word_1_153' title='bbox 630 2313 686 2386; x_wconf 78' lang='grc' dir='ltr'>τῆς</span> <span class='ocrx_word' id='word_1_154' title='bbox 708 2299 768 2387; x_wconf 72' lang='grc' dir='ltr'><em>μὲν</em></span> <span class='ocrx_word' id='word_1_155' title='bbox 792 2303 962 2387; x_wconf 79' lang='grc' dir='ltr'><em>θαλάσσης</em></span> <span class='ocrx_word' id='word_1_156' title='bbox 984 2299 1047 2368; x_wconf 81' lang='grc' dir='ltr'>ὑπὸ</span> <span class='ocrx_word' id='word_1_157' title='bbox 1071 2313 1131 2368; x_wconf 89' lang='grc' dir='ltr'>τοῦ</span> <span class='ocrx_word' id='word_1_158' title='bbox 1149 2313 1308 2389; x_wconf 81' lang='grc' dir='ltr'><em>χειμῶνος</em></span> <span class='ocrx_word' id='word_1_159' title='bbox 1326 2306 1532 2389; x_wconf 81' lang='grc' dir='ltr'><em>εἰργόμενος,</em></span> 
     </span>
     <span class='ocr_line' id='line_1_19' title="bbox 358 2406 1531 2494; baseline -0.001 -19"><span class='ocrx_word' id='word_1_160' title='bbox 358 2419 415 2494; x_wconf 77' lang='grc' dir='ltr'>τῆς</span> <span class='ocrx_word' id='word_1_161' title='bbox 434 2406 471 2474; x_wconf 69' lang='grc' dir='ltr'>δὲ</span> <span class='ocrx_word' id='word_1_162' title='bbox 489 2419 549 2494; x_wconf 73' lang='grc' dir='ltr'>γῆς</span> <span class='ocrx_word' id='word_1_163' title='bbox 566 2407 631 2474; x_wconf 83' lang='grc' dir='ltr'>ὑπὸ</span> <span class='ocrx_word' id='word_1_164' title='bbox 651 2421 717 2474; x_wconf 83' lang='grc' dir='ltr'><em>τῶν</em></span> <span class='ocrx_word' id='word_1_165' title='bbox 741 2414 908 2494; x_wconf 73' lang='grc' dir='ltr'><em>πολεμίων</em></span> <span class='ocrx_word' id='word_1_166' title='bbox 931 2432 1004 2474; x_wconf 91' lang='lat' dir='ltr'>eum</span> <span class='ocrx_word' id='word_1_167' title='bbox 1026 2410 1063 2474; x_wconf 87' lang='lat' dir='ltr'>fr.</span> <span class='ocrx_word' id='word_1_168' title='bbox 1089 2410 1147 2474; x_wconf 90' lang='lat' dir='ltr'>inc.</span> <span class='ocrx_word' id='word_1_169' title='bbox 1168 2412 1223 2475; x_wconf 83' lang='lat'>35:</span> <span class='ocrx_word' id='word_1_170' title='bbox 1246 2410 1345 2474; x_wconf 79' lang='lat' dir='ltr'>‘Cum</span> <span class='ocrx_word' id='word_1_171' title='bbox 1367 2409 1531 2474; x_wconf 86' lang='lat' dir='ltr'>Sertorius</span> 
     </span>
     <span class='ocr_line' id='line_1_20' title="bbox 353 2515 1531 2603; baseline -0.001 -22"><span class='ocrx_word' id='word_1_172' title='bbox 353 2538 457 2601; x_wconf 90' lang='lat' dir='ltr'>neque</span> <span class='ocrx_word' id='word_1_173' title='bbox 485 2539 650 2600; x_wconf 84' lang='lat' dir='ltr'>erumpere</span> <span class='ocrx_word' id='word_1_174' title='bbox 678 2520 745 2580; x_wconf 89' lang='lat' dir='ltr'>tam</span> <span class='ocrx_word' id='word_1_175' title='bbox 772 2516 835 2581; x_wconf 86' lang='lat' dir='ltr'>levi</span> <span class='ocrx_word' id='word_1_176' title='bbox 863 2516 956 2600; x_wconf 88' lang='lat' dir='ltr'>eopia</span> <span class='ocrx_word' id='word_1_177' title='bbox 982 2515 1150 2603; x_wconf 78' lang='lat' dir='ltr'>navibus²)</span> <span class='ocrx_word' id='word_1_178' title='bbox 1175 2555 1214 2563; x_wconf 84' lang='lat'><em>—</em></span> <span class='ocrx_word' id='word_1_179' title='bbox 1246 2555 1287 2563; x_wconf 86' lang='lat'>-—</span> <span class='ocrx_word' id='word_1_180' title='bbox 1316 2517 1388 2603; x_wconf 76' lang='lat'>—&#39;3</span> <span class='ocrx_word' id='word_1_181' title='bbox 1415 2521 1531 2602; x_wconf 89' lang='lat' dir='ltr'>postea</span> 
     </span>
    </p>
   </div>
   <div class='ocr_carea' id='block_1_3' title="bbox 250 2622 1531 2708">
    <p class='ocr_par' dir='ltr' id='par_1_3' title="bbox 250 2622 1531 2708">
     <span class='ocr_line' id='line_1_21' title="bbox 250 2622 1531 2708; baseline 0 -20"><span class='ocrx_word' id='word_1_182' title='bbox 250 2645 254 2656; x_wconf 91' lang='lat'><strong>·</strong></span> <span class='ocrx_word' id='word_1_183' title='bbox 302 2642 304 2646; x_wconf 86' lang='grc'><em>·</em></span> <span class='ocrx_word' id='word_1_184' title='bbox 354 2645 429 2688; x_wconf 87' lang='lat' dir='ltr'>vero</span> <span class='ocrx_word' id='word_1_185' title='bbox 456 2622 540 2688; x_wconf 88' lang='lat' dir='ltr'>Plut.</span> <span class='ocrx_word' id='word_1_186' title='bbox 564 2646 589 2687; x_wconf 93' lang='lat' dir='ltr'>c.</span> <span class='ocrx_word' id='word_1_187' title='bbox 610 2627 644 2689; x_wconf 86' lang='lat'>9:</span> <span class='ocrx_word' id='word_1_188' title='bbox 677 2626 782 2708; x_wconf 79' lang='grc' dir='ltr'><em>ἔρωτα</em></span> <span class='ocrx_word' id='word_1_189' title='bbox 809 2625 1004 2708; x_wconf 80' lang='grc' dir='ltr'><em>θαυμαστὸν</em></span> <span class='ocrx_word' id='word_1_190' title='bbox 1034 2626 1128 2708; x_wconf 74' lang='grc' dir='ltr'><em>ἔσχεν</em></span> <span class='ocrx_word' id='word_1_191' title='bbox 1159 2625 1288 2708; x_wconf 73' lang='grc' dir='ltr'><em>οἰκῆσαι</em></span> <span class='ocrx_word' id='word_1_192' title='bbox 1318 2625 1375 2700; x_wconf 82' lang='grc' dir='ltr'>τάς</span> <span class='ocrx_word' id='word_1_193' title='bbox 1403 2627 1531 2708; x_wconf 77' lang='grc' dir='ltr'><em>νήσους</em></span> 
     </span>
    </p>
   </div>
   <div class='ocr_carea' id='block_1_4' title="bbox 351 2729 1529 3883">
    <p class='ocr_par' dir='ltr' id='par_1_4' title="bbox 352 2729 1529 3562">
     <span class='ocr_line' id='line_1_22' title="bbox 353 2729 1529 2816; baseline -0.001 -21"><span class='ocrx_word' id='word_1_194' title='bbox 353 2754 381 2795; x_wconf 91' lang='grc' dir='ltr'>κ.</span> <span class='ocrx_word' id='word_1_195' title='bbox 400 2755 426 2795; x_wconf 90' lang='grc' dir='ltr'>τ.</span> <span class='ocrx_word' id='word_1_196' title='bbox 441 2736 468 2795; x_wconf 91' lang='grc' dir='ltr'>λ.</span> <span class='ocrx_word' id='word_1_197' title='bbox 484 2753 557 2794; x_wconf 89' lang='lat' dir='ltr'>eum</span> <span class='ocrx_word' id='word_1_198' title='bbox 570 2730 608 2794; x_wconf 84' lang='lat' dir='ltr'>fr.</span> <span class='ocrx_word' id='word_1_199' title='bbox 622 2729 682 2794; x_wconf 89' lang='lat' dir='ltr'>inc.</span> <span class='ocrx_word' id='word_1_200' title='bbox 698 2731 754 2795; x_wconf 82' lang='lat'>94:</span> <span class='ocrx_word' id='word_1_201' title='bbox 778 2729 879 2794; x_wconf 75' lang='lat' dir='ltr'>‘More</span> <span class='ocrx_word' id='word_1_202' title='bbox 898 2730 1057 2794; x_wconf 88' lang='lat' dir='ltr'>humanae</span> <span class='ocrx_word' id='word_1_203' title='bbox 1077 2729 1235 2814; x_wconf 89' lang='lat' dir='ltr'>cupidinis</span> <span class='ocrx_word' id='word_1_204' title='bbox 1255 2730 1367 2816; x_wconf 80' lang='lat' dir='ltr'>ignara</span> <span class='ocrx_word' id='word_1_205' title='bbox 1381 2730 1529 2816; x_wconf 85' lang='lat' dir='ltr'>risendi&#39;,</span> 
     </span>
     <span class='ocr_line' id='line_1_23' title="bbox 355 2835 1529 2926; baseline 0.002 -26"><span class='ocrx_word' id='word_1_206' title='bbox 355 2837 467 2902; x_wconf 84' lang='lat' dir='ltr'>deinde</span> <span class='ocrx_word' id='word_1_207' title='bbox 485 2837 570 2902; x_wconf 90' lang='lat' dir='ltr'>Plut.</span> <span class='ocrx_word' id='word_1_208' title='bbox 590 2861 615 2904; x_wconf 88' lang='lat' dir='ltr'>c.</span> <span class='ocrx_word' id='word_1_209' title='bbox 633 2839 686 2902; x_wconf 87' lang='lat'>13:</span> <span class='ocrx_word' id='word_1_210' title='bbox 705 2842 904 2924; x_wconf 80' lang='grc' dir='ltr'><em>προλοχίσας</em></span> <span class='ocrx_word' id='word_1_211' title='bbox 922 2838 982 2921; x_wconf 78' lang='grc' dir='ltr'><em>τὴν</em></span> <span class='ocrx_word' id='word_1_212' title='bbox 1002 2837 1082 2903; x_wconf 90' lang='grc' dir='ltr'><em>ὁδὸν</em></span> <span class='ocrx_word' id='word_1_213' title='bbox 1102 2837 1352 2926; x_wconf 78' lang='grc' dir='ltr'><em>ἐπανερχομένῳ</em></span> <span class='ocrx_word' id='word_1_214' title='bbox 1371 2847 1415 2926; x_wconf 78' lang='grc' dir='ltr'>τῷ</span> <span class='ocrx_word' id='word_1_215' title='bbox 1432 2835 1529 2902; x_wconf 87' lang='grc' dir='ltr'><em>Ἀκυ-</em></span> 
     </span>
     <span class='ocr_line' id='line_1_24' title="bbox 354 2943 1529 3034; baseline 0.002 -25"><span class='ocrx_word' id='word_1_216' title='bbox 354 2947 415 3034; x_wconf 82' lang='grc' dir='ltr'><em>ίνμ</em></span> <span class='ocrx_word' id='word_1_217' title='bbox 439 2949 640 3030; x_wconf 84' lang='grc' dir='ltr'><em>τρισχιλίους</em></span> <span class='ocrx_word' id='word_1_218' title='bbox 659 2945 783 3029; x_wconf 75' lang='grc' dir='ltr'><em>ἄνδρας</em></span> <span class='ocrx_word' id='word_1_219' title='bbox 801 2947 836 3009; x_wconf 79' lang='grc' dir='ltr'>ἔκ</span> <span class='ocrx_word' id='word_1_220' title='bbox 855 2969 946 3022; x_wconf 88' lang='grc' dir='ltr'><em>τινος</em></span> <span class='ocrx_word' id='word_1_221' title='bbox 965 2947 1104 3009; x_wconf 88' lang='grc' dir='ltr'><em>συσκίου</em></span> <span class='ocrx_word' id='word_1_222' title='bbox 1122 2945 1289 3032; x_wconf 83' lang='grc' dir='ltr'><em>χαράδρας</em></span> <span class='ocrx_word' id='word_1_223' title='bbox 1308 2943 1529 3029; x_wconf 82' lang='grc' dir='ltr'><em>ίπανίστησεν</em></span> 
     </span>
     <span class='ocr_line' id='line_1_25' title="bbox 353 3049 1528 3136; baseline 0.001 -22"><span class='ocrx_word' id='word_1_224' title='bbox 353 3073 426 3115; x_wconf 88' lang='lat' dir='ltr'>eum</span> <span class='ocrx_word' id='word_1_225' title='bbox 459 3051 497 3115; x_wconf 86' lang='lat' dir='ltr'>fr.</span> <span class='ocrx_word' id='word_1_226' title='bbox 533 3051 592 3115; x_wconf 90' lang='lat' dir='ltr'>ino.</span> <span class='ocrx_word' id='word_1_227' title='bbox 621 3053 678 3116; x_wconf 81' lang='lat'>42:</span> <span class='ocrx_word' id='word_1_228' title='bbox 709 3049 877 3114; x_wconf 72' lang='lat' dir='ltr'>‘Consedit</span> <span class='ocrx_word' id='word_1_229' title='bbox 912 3051 946 3114; x_wconf 87' lang='lat' dir='ltr'>in</span> <span class='ocrx_word' id='word_1_230' title='bbox 981 3050 1065 3115; x_wconf 90' lang='lat' dir='ltr'>vallo</span> <span class='ocrx_word' id='word_1_231' title='bbox 1095 3050 1237 3136; x_wconf 84' lang='lat' dir='ltr'>virgulta</span> <span class='ocrx_word' id='word_1_232' title='bbox 1268 3073 1500 3136; x_wconf 88' lang='lat' dir='ltr'>nemorosaque</span> <span class='ocrx_word' id='word_1_233' title='bbox 1509 3052 1528 3136; x_wconf 82' lang='lat'>²,</span> 
     </span>
     <span class='ocr_line' id='line_1_26' title="bbox 354 3155 1528 3246; baseline 0.003 -26"><span class='ocrx_word' id='word_1_234' title='bbox 354 3157 489 3241; x_wconf 91' lang='lat' dir='ltr'>denique</span> <span class='ocrx_word' id='word_1_235' title='bbox 523 3157 607 3221; x_wconf 91' lang='lat' dir='ltr'>Plut.</span> <span class='ocrx_word' id='word_1_236' title='bbox 637 3180 662 3221; x_wconf 90' lang='lat' dir='ltr'>c.</span> <span class='ocrx_word' id='word_1_237' title='bbox 687 3160 743 3222; x_wconf 78' lang='lat'>21:</span> <span class='ocrx_word' id='word_1_238' title='bbox 777 3155 832 3222; x_wconf 85' lang='grc' dir='ltr'>καλ</span> <span class='ocrx_word' id='word_1_239' title='bbox 865 3166 910 3246; x_wconf 74' lang='grc' dir='ltr'>τῷ</span> <span class='ocrx_word' id='word_1_240' title='bbox 946 3161 1131 3242; x_wconf 82' lang='grc' dir='ltr'><em>πανταχόσε</em></span> <span class='ocrx_word' id='word_1_241' title='bbox 1167 3167 1287 3241; x_wconf 83' lang='grc' dir='ltr'><em>φοιτᾶν</em></span> <span class='ocrx_word' id='word_1_242' title='bbox 1319 3157 1395 3236; x_wconf 81' lang='grc' dir='ltr'><em>ὀξὺς</em></span> <span class='ocrx_word' id='word_1_243' title='bbox 1424 3158 1528 3224; x_wconf 85' lang='grc' dir='ltr'><em>ἐπιών</em></span> 
     </span>
     <span class='ocr_line' id='line_1_27' title="bbox 353 3263 1527 3350; baseline 0.002 -23"><span class='ocrx_word' id='word_1_244' title='bbox 353 3285 426 3328; x_wconf 87' lang='lat' dir='ltr'>eum</span> <span class='ocrx_word' id='word_1_245' title='bbox 449 3265 486 3328; x_wconf 89' lang='lat' dir='ltr'>fr.</span> <span class='ocrx_word' id='word_1_246' title='bbox 509 3263 615 3329; x_wconf 80' lang='lat'>1154:</span> <span class='ocrx_word' id='word_1_247' title='bbox 643 3263 763 3330; x_wconf 76' lang='lat' dir='ltr'>‘Noctu</span> <span class='ocrx_word' id='word_1_248' title='bbox 787 3263 904 3348; x_wconf 91' lang='lat' dir='ltr'>diuque</span> <span class='ocrx_word' id='word_1_249' title='bbox 924 3263 1078 3328; x_wconf 83' lang='lat' dir='ltr'>stationes</span> <span class='ocrx_word' id='word_1_250' title='bbox 1098 3267 1130 3327; x_wconf 89' lang='lat' dir='ltr'>et</span> <span class='ocrx_word' id='word_1_251' title='bbox 1148 3264 1276 3350; x_wconf 84' lang='lat' dir='ltr'>vigilias</span> <span class='ocrx_word' id='word_1_252' title='bbox 1299 3265 1471 3348; x_wconf 88' lang='lat' dir='ltr'>temptare’</span> <span class='ocrx_word' id='word_1_253' title='bbox 1492 3270 1527 3329; x_wconf 91' lang='lat' dir='ltr'>et</span> 
     </span>
     <span class='ocr_line' id='line_1_28' title="bbox 352 3367 1528 3457; baseline 0.003 -25"><span class='ocrx_word' id='word_1_254' title='bbox 352 3369 392 3433; x_wconf 88' lang='grc' dir='ltr'>τδι</span> <span class='ocrx_word' id='word_1_255' title='bbox 413 3367 448 3436; x_wconf 85' lang='grc' dir='ltr'>,δ’</span> <span class='ocrx_word' id='word_1_256' title='bbox 476 3368 512 3434; x_wconf 81' lang='grc' dir='ltr'>ἐκ</span> <span class='ocrx_word' id='word_1_257' title='bbox 536 3371 707 3455; x_wconf 73' lang='grc' dir='ltr'><em>θαλάσσης</em></span> <span class='ocrx_word' id='word_1_258' title='bbox 732 3376 919 3457; x_wconf 74' lang='grc' dir='ltr'><em>λῃστρικοῖς</em></span> <span class='ocrx_word' id='word_1_259' title='bbox 944 3368 1083 3455; x_wconf 85' lang='grc' dir='ltr'><em>σκάφεσι</em></span> <span class='ocrx_word' id='word_1_260' title='bbox 1109 3369 1254 3456; x_wconf 82' lang='grc' dir='ltr'><em>κατέχων</em></span> <span class='ocrx_word' id='word_1_261' title='bbox 1274 3373 1335 3455; x_wconf 78' lang='grc' dir='ltr'><em>τὴν</em></span> <span class='ocrx_word' id='word_1_262' title='bbox 1360 3375 1528 3457; x_wconf 89' lang='grc' dir='ltr'><em>παραλίαν</em></span> 
     </span>
     <span class='ocr_line' id='line_1_29' title="bbox 354 3475 1406 3562; baseline 0.003 -24"><span class='ocrx_word' id='word_1_263' title='bbox 354 3498 426 3539; x_wconf 92' lang='lat' dir='ltr'>cum</span> <span class='ocrx_word' id='word_1_264' title='bbox 449 3477 487 3540; x_wconf 88' lang='lat' dir='ltr'>fr.</span> <span class='ocrx_word' id='word_1_265' title='bbox 510 3475 616 3542; x_wconf 79' lang='lat'>1156:</span> <span class='ocrx_word' id='word_1_266' title='bbox 640 3477 697 3540; x_wconf 70' lang='lat' dir='ltr'>‘ad</span> <span class='ocrx_word' id='word_1_267' title='bbox 719 3477 780 3541; x_wconf 92' lang='lat' dir='ltr'>hoc</span> <span class='ocrx_word' id='word_1_268' title='bbox 803 3499 904 3561; x_wconf 88' lang='lat' dir='ltr'>pauca</span> <span class='ocrx_word' id='word_1_269' title='bbox 926 3477 1070 3562; x_wconf 84' lang='lat' dir='ltr'>piratica,</span> <span class='ocrx_word' id='word_1_270' title='bbox 1094 3477 1235 3540; x_wconf 85' lang='lat' dir='ltr'>actuaria</span> <span class='ocrx_word' id='word_1_271' title='bbox 1257 3477 1406 3562; x_wconf 68' lang='lat' dir='ltr'>navigia?</span> 
     </span>
    </p>

    <p class='ocr_par' dir='ltr' id='par_1_5' title="bbox 351 3582 1527 3883">
     <span class='ocr_line' id='line_1_30' title="bbox 393 3582 1525 3670; baseline 0.001 -22"><span class='ocrx_word' id='word_1_272' title='bbox 393 3667 395 3670; x_wconf 22' lang='grc' dir='ltr'>Ι</span> <span class='ocrx_word' id='word_1_273' title='bbox 441 3582 664 3669; x_wconf 85' lang='lat' dir='ltr'>Seiungendus</span> <span class='ocrx_word' id='word_1_274' title='bbox 694 3589 743 3648; x_wconf 90' lang='lat' dir='ltr'>est</span> <span class='ocrx_word' id='word_1_275' title='bbox 771 3584 885 3668; x_wconf 80' lang='lat' dir='ltr'>capItis</span> <span class='ocrx_word' id='word_1_276' title='bbox 914 3587 933 3649; x_wconf 87' lang='lat'>9</span> <span class='ocrx_word' id='word_1_277' title='bbox 967 3583 1054 3669; x_wconf 85' lang='lat' dir='ltr'>finis,</span> <span class='ocrx_word' id='word_1_278' title='bbox 1090 3583 1163 3646; x_wconf 90' lang='lat' dir='ltr'>inde</span> <span class='ocrx_word' id='word_1_279' title='bbox 1196 3583 1250 3648; x_wconf 87' lang='lat' dir='ltr'>ab:</span> <span class='ocrx_word' id='word_1_280' title='bbox 1283 3583 1430 3648; x_wconf 76' lang='grc' dir='ltr'><em>ἐνταῦθα</em></span> <span class='ocrx_word' id='word_1_281' title='bbox 1462 3583 1525 3649; x_wconf 86' lang='grc' dir='ltr'><em>τὸν</em></span> 
     </span>
     <span class='ocr_line' id='line_1_31' title="bbox 351 3686 1526 3778; baseline -0.001 -25"><span class='ocrx_word' id='word_1_282' title='bbox 351 3686 500 3756; x_wconf 83' lang='grc' dir='ltr'><em>Ἀνταίου</em></span> <span class='ocrx_word' id='word_1_283' title='bbox 533 3692 569 3756; x_wconf 89' lang='grc' dir='ltr'>οί</span> <span class='ocrx_word' id='word_1_284' title='bbox 597 3695 721 3776; x_wconf 81' lang='grc' dir='ltr'><em>Λίβυες</em></span> <span class='ocrx_word' id='word_1_285' title='bbox 754 3693 944 3778; x_wconf 77' lang='grc' dir='ltr'><em>ἱστοροῦσιν</em></span> <span class='ocrx_word' id='word_1_286' title='bbox 976 3697 1135 3776; x_wconf 46' lang='grc' dir='ltr'><em>κεῖσδαιφ</em></span> <span class='ocrx_word' id='word_1_287' title='bbox 1155 3713 1249 3774; x_wconf 93' lang='lat' dir='ltr'>quem</span> <span class='ocrx_word' id='word_1_288' title='bbox 1287 3713 1304 3753; x_wconf 94' lang='lat' dir='ltr'>e</span> <span class='ocrx_word' id='word_1_289' title='bbox 1332 3689 1526 3778; x_wconf 73' lang='lat' dir='ltr'>Strabone3)</span> 
     </span>
     <span class='ocr_line' id='line_1_32' title="bbox 353 3789 1527 3883; baseline 0 -23"><span class='ocrx_word' id='word_1_290' title='bbox 353 3819 421 3860; x_wconf 87' lang='lat' dir='ltr'>esse</span> <span class='ocrx_word' id='word_1_291' title='bbox 450 3797 606 3861; x_wconf 87' lang='lat' dir='ltr'>insertum</span> <span class='ocrx_word' id='word_1_292' title='bbox 633 3801 707 3882; x_wconf 90' lang='lat' dir='ltr'>post</span> <span class='ocrx_word' id='word_1_293' title='bbox 734 3789 916 3883; x_wconf 77' lang='lat' dir='ltr'>Niesium⁴)</span> <span class='ocrx_word' id='word_1_294' title='bbox 943 3798 1122 3862; x_wconf 86' lang='lat' dir='ltr'>accuratius</span> <span class='ocrx_word' id='word_1_295' title='bbox 1155 3796 1295 3861; x_wconf 88' lang='lat' dir='ltr'>ostendit</span> <span class='ocrx_word' id='word_1_296' title='bbox 1322 3795 1407 3860; x_wconf 84' lang='lat' dir='ltr'>Otto</span> <span class='ocrx_word' id='word_1_297' title='bbox 1460 3795 1527 3860; x_wconf 91' lang='lat' dir='ltr'>Sed</span> 
     </span>
    </p>
   </div>
   <div class='ocr_carea' id='block_1_5' title="bbox 352 4025 1524 4627">
    <p class='ocr_par' dir='ltr' id='par_1_6' title="bbox 444 4025 1083 4097">
     <span class='ocr_line' id='line_1_33' title="bbox 444 4025 1083 4097; baseline -0.002 -16"><span class='ocrx_word' id='word_1_298' title='bbox 444 4030 469 4097; x_wconf 89' lang='lat'>1)</span> <span class='ocrx_word' id='word_1_299' title='bbox 487 4026 571 4096; x_wconf 89' lang='lat' dir='ltr'>Apud</span> <span class='ocrx_word' id='word_1_300' title='bbox 590 4025 739 4081; x_wconf 86' lang='lat' dir='ltr'>comment.</span> <span class='ocrx_word' id='word_1_301' title='bbox 758 4025 916 4082; x_wconf 77' lang='lat' dir='ltr'>Luc.1478</span> <span class='ocrx_word' id='word_1_302' title='bbox 937 4025 1083 4096; x_wconf 70' lang='lat' dir='ltr'>(Usener).</span> 
     </span>
    </p>

    <p class='ocr_par' dir='ltr' id='par_1_7' title="bbox 352 4113 1524 4361">
     <span class='ocr_line' id='line_1_34' title="bbox 442 4113 1524 4185; baseline -0.003 -16"><span class='ocrx_word' id='word_1_303' title='bbox 442 4118 469 4185; x_wconf 80' lang='lat'>2)</span> <span class='ocrx_word' id='word_1_304' title='bbox 488 4115 572 4169; x_wconf 81' lang='lat' dir='ltr'>Cuius</span> <span class='ocrx_word' id='word_1_305' title='bbox 595 4115 748 4184; x_wconf 82' lang='lat' dir='ltr'>fragmenti</span> <span class='ocrx_word' id='word_1_306' title='bbox 771 4113 826 4168; x_wconf 82' lang='lat' dir='ltr'>etsi</span> <span class='ocrx_word' id='word_1_307' title='bbox 848 4131 905 4169; x_wconf 90' lang='lat' dir='ltr'>non</span> <span class='ocrx_word' id='word_1_308' title='bbox 930 4116 1028 4183; x_wconf 84' lang='lat' dir='ltr'>verba,</span> <span class='ocrx_word' id='word_1_309' title='bbox 1054 4117 1150 4169; x_wconf 85' lang='lat' dir='ltr'>tamen</span> <span class='ocrx_word' id='word_1_310' title='bbox 1176 4113 1345 4169; x_wconf 79' lang='lat' dir='ltr'>sententiam</span> <span class='ocrx_word' id='word_1_311' title='bbox 1369 4115 1409 4168; x_wconf 80' lang='lat' dir='ltr'>ric</span> <span class='ocrx_word' id='word_1_312' title='bbox 1432 4113 1524 4168; x_wconf 90' lang='lat' dir='ltr'>conti-</span> 
     </span>
     <span class='ocr_line' id='line_1_35' title="bbox 352 4203 1521 4274; baseline -0.001 -17"><span class='ocrx_word' id='word_1_313' title='bbox 352 4204 494 4258; x_wconf 86' lang='lat' dir='ltr'>nuandam</span> <span class='ocrx_word' id='word_1_314' title='bbox 513 4221 573 4258; x_wconf 79' lang='lat' dir='ltr'>esse</span> <span class='ocrx_word' id='word_1_315' title='bbox 591 4207 672 4273; x_wconf 87' lang='lat' dir='ltr'>puto:</span> <span class='ocrx_word' id='word_1_316' title='bbox 700 4205 749 4250; x_wconf 78' lang='lat'>‘-</span> <span class='ocrx_word' id='word_1_317' title='bbox 769 4206 930 4274; x_wconf 83' lang='lat' dir='ltr'>-posset,</span> <span class='ocrx_word' id='word_1_318' title='bbox 954 4203 1107 4274; x_wconf 84' lang='lat' dir='ltr'>impeditus</span> <span class='ocrx_word' id='word_1_319' title='bbox 1129 4205 1300 4272; x_wconf 81' lang='lat' dir='ltr'>tempestate</span> <span class='ocrx_word' id='word_1_320' title='bbox 1322 4219 1413 4272; x_wconf 87' lang='lat' dir='ltr'>neque</span> <span class='ocrx_word' id='word_1_321' title='bbox 1436 4205 1521 4272; x_wconf 86' lang='lat' dir='ltr'>terra,</span> 
     </span>
     <span class='ocr_line' id='line_1_36' title="bbox 353 4291 736 4361; baseline 0.008 -17"><span class='ocrx_word' id='word_1_322' title='bbox 353 4291 512 4361; x_wconf 88' lang='lat' dir='ltr'>prohibitus</span> <span class='ocrx_word' id='word_1_323' title='bbox 531 4291 568 4346; x_wconf 87' lang='lat' dir='ltr'>ab</span> <span class='ocrx_word' id='word_1_324' title='bbox 586 4293 736 4348; x_wconf 85' lang='lat' dir='ltr'>hostibus.’</span> 
     </span>
    </p>

    <p class='ocr_par' dir='ltr' id='par_1_8' title="bbox 442 4381 748 4451">
     <span class='ocr_line' id='line_1_37' title="bbox 442 4381 748 4451; baseline 0 -16"><span class='ocrx_word' id='word_1_325' title='bbox 442 4383 468 4450; x_wconf 85' lang='lat'>3)</span> <span class='ocrx_word' id='word_1_326' title='bbox 489 4381 529 4436; x_wconf 82' lang='lat' dir='ltr'>ef.</span> <span class='ocrx_word' id='word_1_327' title='bbox 548 4381 581 4435; x_wconf 89' lang='lat' dir='ltr'>fr.</span> <span class='ocrx_word' id='word_1_328' title='bbox 597 4388 629 4436; x_wconf 81' lang='lat'>‘12</span> <span class='ocrx_word' id='word_1_329' title='bbox 650 4381 748 4451; x_wconf 84' lang='lat' dir='ltr'>(Otto).</span> 
     </span>
    </p>

    <p class='ocr_par' dir='ltr' id='par_1_9' title="bbox 353 4467 1520 4627">
     <span class='ocr_line' id='line_1_38' title="bbox 442 4467 1520 4570; baseline -0.001 -47"><span class='ocrx_word' id='word_1_330' title='bbox 442 4473 469 4539; x_wconf 86' lang='grc'>4)</span> <span class='ocrx_word' id='word_1_331' title='bbox 489 4469 559 4525; x_wconf 86' lang='lat' dir='ltr'>Mus.</span> <span class='ocrx_word' id='word_1_332' title='bbox 579 4470 667 4525; x_wconf 87' lang='lat' dir='ltr'>Rhen.</span> <span class='ocrx_word' id='word_1_333' title='bbox 688 4469 832 4524; x_wconf 84' lang='lat' dir='ltr'><strong>XXXVIII</strong></span> <span class='ocrx_word' id='word_1_334' title='bbox 857 4488 885 4539; x_wconf 92' lang='lat' dir='ltr'>p.</span> <span class='ocrx_word' id='word_1_335' title='bbox 905 4477 968 4538; x_wconf 82' lang='lat'><strong>600,</strong></span> <span class='ocrx_word' id='word_1_336' title='bbox 1001 4487 1083 4537; x_wconf 89' lang='lat' dir='ltr'>quem</span> <span class='ocrx_word' id='word_1_337' title='bbox 1106 4471 1217 4523; x_wconf 87' lang='lat' dir='ltr'>secutus</span> <span class='ocrx_word' id='word_1_338' title='bbox 1242 4474 1286 4524; x_wconf 87' lang='lat' dir='ltr'>est</span> <span class='ocrx_word' id='word_1_339' title='bbox 1312 4467 1401 4570; x_wconf 64' lang='lat' dir='ltr'>Vogel</span> <span class='ocrx_word' id='word_1_340' title='bbox 1426 4487 1452 4537; x_wconf 90' lang='lat' dir='ltr'>p.</span> <span class='ocrx_word' id='word_1_341' title='bbox 1473 4477 1520 4534; x_wconf 76' lang='lat'>523</span> 
     </span>
     <span class='ocr_line' id='line_1_39' title="bbox 353 4559 541 4627; baseline 0.005 -14"><span class='ocrx_word' id='word_1_342' title='bbox 353 4559 419 4613; x_wconf 85' lang='lat' dir='ltr'>Otto</span> <span class='ocrx_word' id='word_1_343' title='bbox 438 4577 465 4627; x_wconf 91' lang='lat' dir='ltr'>p.</span> <span class='ocrx_word' id='word_1_344' title='bbox 481 4565 541 4614; x_wconf 78' lang='lat'>286.</span> 
     </span>
    </p>
   </div>
   <div class='ocr_carea' id='block_1_6' title="bbox 0 0 1652 5414">
    <p class='ocr_par' dir='ltr' id='par_1_10' title="bbox 0 0 1652 5414">
     <span class='ocr_line' id='line_1_40' title="bbox 0 0 1652 5414; baseline 0 0"><span class='ocrx_word' id='word_1_345' title='bbox 0 0 1652 5414; x_wconf 95' lang='lat' dir='ltr'> </span> 
     </span>
    </p>
   </div>
  </div>
 </body>
</html>
