3296 5422
605 457 823 523 ,35-

126 618 203 681 dum
227 639 295 682 esse
320 617 347 682 si
370 621 457 682 recte
480 616 723 702 disputavimus,
746 616 844 680 etiam
872 617 1073 705 intellegitur
1096 641 1153 684 our
1176 643 1299 686 errores

125 728 193 789 tam
220 724 392 790 horribiles
420 725 621 790 committere
648 723 792 809 potuerit
818 723 999 811 Appianus,
1021 726 1175 792 nimirum
1198 750 1298 812 aeque

123 835 221 916 atque
244 831 279 895 in
301 831 521 896 coniuratione
542 827 760 917 catilinaria1)
783 831 885 895 multa
904 831 1049 898 Sallustii
1071 855 1137 897 non
1155 835 1299 918 percepit
1425 922 1427 926 Ι

123 938 174 1003 vel
197 937 279 1002 falso
302 938 400 1002 vertit
422 939 473 1002 vel
496 961 570 1002 cum
593 937 779 1002 abbreviare
802 937 900 1030 vellet
927 939 1021 1022 plane
1045 939 1198 1005 confudit.
1245 940 1297 1006 Sic

123 1044 221 1109 etiam
240 1044 291 1109 bis
306 1043 345 1108 de
360 1043 445 1108 bello
459 1042 644 1109 Sertoriano
659 1043 820 1129 capitibus
832 1045 997 1128 nonnulla,
1016 1068 1097 1130 quae
1112 1047 1297 1112 taeterrime

123 1152 256 1216 confusa
283 1151 501 1237 reperiuntur,
529 1151 715 1236 explicanda
747 1173 816 1216 esse
848 1156 936 1236 puto.
986 1151 1086 1244 Velut
1113 1176 1139 1218 c.
1165 1156 1227 1220 109
1256 1154 1295 1218 de

123 1257 281 1323 Rhodano
300 1280 337 1322 ac
354 1259 456 1323 Pado:
484 1262 519 1324 οἳ
538 1257 713 1343 ἀνίσχουσι
735 1254 797 1343 μὲν
821 1257 857 1323 ἐκ
879 1270 946 1324 τῶν
961 1257 1121 1325 Ἀλπείων
1140 1260 1230 1346 ὀρῶν
1249 1259 1295 1327 οὐ

122 1365 274 1450 μακρὰν
303 1363 357 1430 ἐπ’
389 1365 582 1450 ἀλλήλων,
609 1363 723 1428 deinde
751 1386 776 1428 o.
802 1367 866 1429 110
894 1365 1065 1452 depugna
1088 1363 1294 1432 Sucronensi:

122 1469 177 1536 καὶ
208 1473 457 1556 συμβάλλουσιν
487 1471 642 1554 ἀλλήλοις
669 1469 758 1556 περὶ
786 1474 904 1537 πόλιν
933 1465 954 1558 ᾗ
984 1474 1090 1556 ὄνομα
1123 1475 1296 1560 Σούκρων,

123 1601 318 1663 quamquam
344 1601 444 1662 prope
477 1579 597 1642 flumen
624 1575 799 1643 Sucronem
825 1599 935 1663 pugna
962 1577 1033 1642 fuit.
1083 1579 1160 1644 Mox
1187 1586 1296 1645 autem
1415 1599 1418 1604 ·

123 1685 274 1750 Metellus
296 1685 419 1770 proelio
442 1684 627 1749 interfuisse
647 1683 851 1770 negligenter
869 1690 1146 1771 commemoratur,
1169 1710 1297 1754 revera

123 1792 262 1856 multum
289 1815 308 1856 a
335 1791 475 1857 Sucrone
504 1791 644 1877 spatium
671 1791 799 1878 absens,
831 1791 944 1856 deindo
972 1815 1045 1856 cum
1073 1793 1111 1857 de
1141 1793 1296 1878 Pompeio

123 1899 214 1963 dicit:
237 1898 368 1985 ἐτρώθη
388 1901 525 1982 δόρατι
543 1901 590 1975 εἰς
608 1900 667 1964 τὸν
685 1899 792 1982 μηρὸν
811 1897 1039 1982 ἐπικινδύνως,
1062 1901 1199 1984 pessime
1217 1903 1296 1966 haec

123 2006 268 2071 confudit
295 2029 368 2070 cum
400 2006 531 2070 vulnere
563 2005 695 2069 Metello
728 2005 768 2068 ad
796 2003 988 2090 Seguntium
1020 2004 1153 2092 illato.2)
1203 2007 1297 2072 Tales

123 2135 247 2176 errores
269 2135 335 2177 non
357 2113 441 2178 fonti
464 2113 533 2177 eius
551 2112 698 2200 (minime
717 2134 793 2176 vero
812 2110 979 2198 Straboni)
1002 2113 1105 2177 addici
1127 2136 1221 2197 posse
1241 2115 1297 2178 sed

123 2219 184 2304 ipsi
216 2219 365 2304 Appiano
392 2220 554 2284 minorum
583 2241 691 2283 rerum
722 2219 1007 2305 neglegentissimo
1040 2224 1126 2285 recte
1153 2221 1296 2286 Buresch

122 2326 239 2390 docuit.
285 2327 429 2391 Eandem
458 2327 499 2391 ob
529 2349 658 2391 oausam
680 2324 831 2391 Straboni
855 2325 1082 2391 Sallustianam
1109 2329 1296 2393 memoriam

121 2432 306 2517 Appianum
329 2434 444 2498 debere
468 2432 570 2522 (quod
593 2432 721 2517 quidem
739 2455 797 2516 per
818 2455 851 2496 se
869 2432 940 2496 fieri
957 2431 1080 2519 potuit)
1102 2436 1297 2521 negaverim,

122 2540 341 2604 contenderim
363 2561 439 2604 vero
458 2539 603 2604 Sallustii
626 2560 726 2623 aeque
747 2560 784 2603 ao
803 2538 1056 2604 coniurationem
1076 2538 1296 2618 Catilinariam

122 2648 221 2712 etiam
243 2639 396 2712 historias
419 2647 459 2710 ab
482 2645 631 2731 Appiano
654 2645 754 2710 lectas
778 2667 854 2710 esse.

210 2753 402 2818 Addendum
416 2757 465 2818 est
480 2753 526 2817 ini
542 2753 574 2818 io
585 2752 699 2836 capitis
710 2755 771 2817 111
789 2775 948 2816 summam
957 2752 1141 2838 Appianum
1152 2756 1296 2821 omnium

122 2862 281 2926 bellorum
309 2861 402 2924 annis
430 2863 565 2926 76-72
588 2860 608 2923 i.
628 2883 654 2923 e.
678 2859 859 2943 olympiade
884 2861 947 2924 176
975 2864 1141 2945 gestorum
1168 2885 1295 2928 enume-

120 2991 204 3053 rare,
236 2991 333 3052 quam
365 2972 450 3032 certe
481 2989 547 3032 non
579 2965 746 3050 Sallustio,
778 2965 898 3031 Graeco
930 2966 1039 3051 potius
1071 2967 1166 3032 elicui
1199 2969 1295 3054 scrip-

121 3075 185 3140 tori
193 3073 222 3161 3)
245 3074 349 3139 debet.

210 3235 282 3315 §4
332 3232 401 3298 Iam
428 3233 655 3320 aggrediamur
683 3233 723 3296 ad
744 3255 799 3297 eos
827 3232 883 3316 qui
911 3232 1056 3317 exempla
1085 3235 1294 3322 collegerunt,

120 3340 322 3404 Valerium
344 3339 549 3404 Maximum
573 3344 605 3403 et
628 3339 866 3404 Frontinum.
887 3378 928 3385 -
953 3339 1001 3404 Ac
1019 3339 1160 3423 primum
1178 3341 1295 3407 Fron·

121 3446 228 3512 tinus
251 3447 381 3530 quidem
400 3446 582 3531 exemplum
600 3443 616 3510 I
636 3447 695 3529 10,
716 3448 744 3531 1,
763 3446 849 3530 quod
870 3450 982 3510 notam
1002 3446 1091 3510 illam
1111 3448 1149 3511 de
1169 3449 1295 3514 duobus

123 3553 214 3637 equis
227 3554 371 3618 fabulam
385 3555 493 3638 refert,
511 3551 663 3638 quoniam
678 3551 776 3616 etiam
790 3552 824 3616 in
837 3553 944 3617 verbis
959 3575 1032 3618 cum
1049 3553 1134 3618 Plut.
1155 3554 1235 3620 Sert.
1253 3559 1294 3622 16

121 3664 153 3723 et
167 3659 272 3724 Valer.
287 3659 370 3722 Max.
384 3657 463 3723 VIII
476 3661 541 3742 3,6
565 3659 724 3745 congruit,
747 3681 764 3722 e
783 3657 936 3724 Sallustio
955 3659 1075 3744 hausit;
1098 3662 1139 3726 ad
1162 3663 1295 3728 eandem

120 3789 189 3830 rem
221 3765 338 3830 alludit
369 3765 467 3830 etiam
498 3765 655 3831 Horatius
686 3766 778 3850 epist.
801 3765 833 3830 Π
854 3769 881 3850 1,
900 3768 948 3831 45
980 3771 1013 3831 et
1044 3767 1170 3832 Plinius
1202 3770 1294 3854 epist.

120 3871 167 3936 II]
186 3875 220 3956 9,
242 3875 296 3956 11,
315 3894 396 3956 quos
414 3873 476 3936 hoc
495 3872 529 3936 in
543 3871 696 3938 Sallustio
714 3873 832 3959 legisse
850 3877 939 3956 puto.
960 3912 1001 3919 -
1020 3874 1144 3938 Deinde
1167 3874 1293 3960 110,2

119 3981 174 4069 (de
197 3979 320 4065 proelio
339 3979 478 4064 quodam
497 3978 652 4066 equestri)
671 3984 817 4045 accurate
836 3980 996 4045 consentit
1020 4003 1092 4046 cum
1110 3981 1294 4070 Plutarcho,

210 4231 235 4288 1)
254 4225 296 4280 of.
315 4225 440 4280 Buresch
458 4224 488 4278 in
508 4227 673 4292 „comment
692 4223 848 4281 Ribbeck.“
866 4245 894 4296 p.
910 4232 971 4283 232.

210 4321 237 4382 2)
257 4313 297 4370 Cf.
317 4314 383 4368 Sall.
403 4315 436 4370 fr.
454 4314 481 4367 H
502 4321 546 4369 19:
575 4314 690 4369 ‘Avidis
709 4314 751 4369 ita
769 4317 855 4382 atque
873 4317 1012 4388 promptis
1031 4318 1163 4388 ducibus,
1183 4323 1216 4374 ut
1233 4321 1291 4375 Me-

120 4405 207 4460 tellus
225 4404 285 4459 ictu
303 4403 434 4474 tragulae
453 4402 646 4460 sauciaretur‘

210 4497 238 4563 3)
256 4492 279 4546 Ε
299 4491 423 4546 Castoris
446 4491 672 4562 chronographia
690 4493 761 4548 haec
779 4493 892 4550 fluxisse
910 4495 1018 4550 Arnold
1036 4496 1055 4552 l.
1070 4497 1088 4552 l.
1112 4515 1139 4567 p.
1157 4504 1206 4552 1οῠ
1226 4515 1292 4553 con-

120 4583 201 4651 iecit3
221 4584 270 4638 sad
288 4581 384 4653 potius
404 4581 439 4636 da
458 4581 596 4638 Strabone
615 4581 797 4654 cogitandum
818 4586 869 4639 eet.

1044 4674 1079 4729 31
