3296 5422
812 436 1033 501 -40,

337 596 504 682 τάσχετος
518 596 581 683 γάρ
609 620 659 673 τις
686 597 771 682 ὁρμὴ
799 607 868 673 τοῖς
895 596 1077 681 βαρβάροις
1100 593 1231 660 ἐνέπεσε
1255 602 1312 678 τῆς
1334 595 1417 680 πρὸς
1434 591 1512 658 Ῥω-

338 707 455 789 μαίους
483 703 693 779 ἀποστάσεως
720 703 760 766 ad
786 701 933 787 Pompeii
961 701 995 766 in
1022 700 1212 785 Hispaniam
1240 701 1412 765 adventum
1440 724 1510 785 per-

338 811 441 875 tinere
469 809 550 874 mihi
573 809 713 893 videtur,
740 810 778 874 cf.
801 809 886 874 Plut.
911 808 992 873 Sert.
1018 812 1072 875 18:
1104 808 1187 873 ὅθεν
1213 805 1268 872 καὶ
1295 805 1414 873 πολλαὶ
1442 819 1512 872 τῶν

337 918 403 983 ὑπὸ
427 919 605 1004 Σερτωρίῳ
633 920 763 983 πόλεων
787 915 1014 1002 ἀποβλέψασαι
1040 917 1123 1002 πρὸς
1149 915 1252 980 αὐτὸν
1280 915 1386 1002 ὁρμὴν
1413 937 1511 998 μετα-

337 1028 438 1108 βολῆς
461 1025 568 1109 ἔσχον.
576 1021 601 1109 1)

427 1129 563 1195 Suidas
596 1131 732 1215 denique
765 1131 827 1194 duo
855 1131 1037 1216 fragmenta
1064 1129 1183 1195 Graeca
1211 1152 1292 1214 quae
1320 1129 1360 1192 ad
1387 1129 1511 1193 bellum

339 1237 559 1304 Sertorianum
581 1242 729 1323 spectant
751 1237 898 1321 servavit,
920 1237 1061 1321 primum
1084 1261 1107 1302 s.
1127 1260 1155 1302 v.
1174 1235 1511 1312 ἀποκινδυνεύοντοςε

335 1344 371 1408 Ὁ
396 1342 433 1410 δὲ
456 1346 644 1432 Σερτώριος
672 1347 780 1412 ὁτῶν
803 1343 971 1430 Ῥωμαίων
995 1347 1189 1430 στρατηγός,
1215 1347 1332 1428 καίπερ
1355 1341 1512 1427 θρασέως

338 1463 405 1518 τῶν
425 1449 564 1538 Ἰβήρων
595 1451 630 1517 ἐκ
657 1462 717 1518 τοῦ
744 1453 783 1516 τὰ
810 1455 912 1517 πλείω
945 1458 1136 1534 κατορθοῦν
1164 1450 1308 1536 ἐχόντων
1338 1451 1400 1516 οὐκ
1427 1449 1510 1516 ἀπο-

243 1565 245 1570 ’
338 1560 558 1624 κινδυνεῦσαί
581 1579 659 1625 ποτε
688 1557 879 1644 ἐτόλμησεν,
907 1558 1276 1641 alterums.v.rlr“21‘lsv:
1303 1553 1339 1620 Ὁ
1363 1553 1400 1621 δὲ
1424 1561 1510 1642 Σερ-

338 1667 456 1750 τώριος
478 1663 619 1752 παρῄνει
648 1666 692 1742 ὡς
715 1667 821 1748 δῆθεν
849 1665 961 1742 αὐτοῖς
988 1665 1197 1750 παραδοῦναι
1225 1665 1286 1748 τὴν
1312 1666 1425 1746 πόλιν,
1456 1663 1513 1746 qui

337 1771 400 1836 loci
429 1795 502 1836 cum
530 1795 569 1836 ex
598 1771 771 1854 ‘excerptis
799 1769 874 1855 περὶ
899 1769 1031 1854 toccu&
1059 1774 1187 1854 sumpta
1215 1766 1327 1854 sinu),
1355 1772 1410 1832 aut
1436 1769 1513 1832 Dio-

338 1879 407 1944 dori
427 1884 483 1942 aut
502 1877 616 1943 Dionis
636 1877 737 1942 Cassii
756 1881 839 1942 sunt.
885 1877 944 1941 Ille
968 1881 1076 1941 autem
1099 1877 1188 1942 locus
1207 1877 1343 1941 fortasse
1367 1876 1407 1939 ad
1425 1875 1513 1938 idem

339 1989 486 2070 equestre
514 1985 686 2070 proelium,
714 1986 752 2049 de
781 2008 844 2069 quo
868 1984 937 2070 agit
959 1984 1045 2049 Plut.
1069 1983 1149 2049 Scrt.
1175 1985 1226 2069 16,
1248 1983 1401 2068 pertinet3
1428 1982 1514 2046 alter

338 2093 379 2157 ad
401 2092 601 2157 obsidionem
625 2091 765 2176 aliquam
788 2090 972 2156 referendus
996 2095 1053 2156 est.

366 2203 368 2208 ’
428 2198 577 2263 Ceterum
595 2199 742 2282 Livius,
765 2221 861 2282 quem
884 2199 988 2262 adhuc
1011 2197 1114 2282 omisi,
1137 2220 1217 2282 quos
1236 2195 1386 2261 habuerit
1405 2196 1514 2260 fontes

338 2305 498 2369 enucleari
521 2328 587 2370 non
610 2305 674 2368 iam
692 2308 808 2388 potest.
846 2303 990 2368 Sallustii
1010 2304 1044 2368 in
1062 2304 1207 2388 reliquiis
1225 2303 1367 2368 Liuianis
1385 2302 1514 2367 nullum

338 2416 427 2476 extat
449 2411 636 2497 vestigium3
660 2417 771 2476 auctor
793 2434 868 2476 vero
886 2411 971 2475 Livii
993 2433 1059 2475 non
1077 2411 1155 2475 adeo
1180 2434 1198 2473 a
1220 2410 1424 2494 popularium
1441 2432 1514 2494 per-

338 2519 426 2582 tibus
463 2522 528 2582 stat
561 2523 757 2602 quantopere
790 2517 974 2602 Sallustius3
1011 2517 1067 2581 sed
1102 2540 1181 2581 num
1217 2517 1315 2580 fucrit
1351 2516 1515 2600 Sulpicius

339 2625 453 2708 Galba,
481 2647 577 2708 quem
606 2625 644 2688 de
671 2648 781 2710 pugna
807 2624 1005 2689 Lauronensi
1037 2624 1147 2688 laudat
1175 2623 1321 2708 OrosiuS‚
1353 2623 1514 2688 incertum

338 2731 490 2795 manebit.

430 2909 456 2975 1)
475 2905 571 2960 Etiam
594 2904 699 2960 latinos
719 2905 822 2976 legisse
842 2910 971 2962 auctores
990 2907 1144 2961 Diodorum
1168 2905 1295 2960 defendit
1313 2907 1343 2960 Ε.
1363 2905 1458 2974 Meyer
1482 2906 1513 2960 in

337 2998 409 3051 Mus.
424 2998 512 3051 Rhea.
528 2995 657 3049 XXXVII
675 3014 703 3064 p.
719 3002 784 3062 6113
804 2997 838 3050 ef.
853 2998 985 3064 praetera
998 2995 1122 3050 Thouret
1139 2995 1170 3048 in
1189 2995 1282 3050 annal.
1303 2993 1402 3064 philol.
1418 2994 1511 3062 suppl.

338 3087 377 3140 XI
395 3105 423 3156 p.
440 3093 491 3140 174
501 3085 565 3139 adn.
585 3115 618 3124 -
638 3083 785 3137 Librorum
804 3090 837 3138 37
853 3087 882 3137 et
896 3089 930 3138 38
949 3084 1057 3138 fontem
1071 3083 1182 3138 Livium
1201 3100 1270 3152 esse,
1290 3081 1339 3151 qui
1356 3081 1431 3136 hunc
1449 3081 1511 3135 ubi-

339 3193 393 3244 que
416 3175 538 3245 reperire
556 3172 631 3241 vult,
655 3172 742 3226 Klebs
761 3172 779 3227 l.
799 3172 817 3226 l.
842 3191 869 3241 p.
884 3179 918 3227 43
943 3172 1058 3239 statutt;
1087 3172 1122 3226 de
1146 3171 1282 3228 Sallusti0
1306 3169 1511 3226 coniurationis

339 3263 522 3318 Catilinariae
541 3261 617 3331 apud
630 3260 786 3316 Diodorum
804 3263 918 3316 auctore
933 3261 1110 3332 cogitaverat
1128 3261 1261 3316 dubitans
1277 3261 1351 3315 Dubi
1368 3258 1399 3314 in
1415 3260 1511 3314 annal.

338 3351 437 3422 philol.
454 3357 521 3406 1876
540 3371 567 3421 p.
583 3357 644 3407 878.

429 3444 457 3511 2)
477 3440 518 3497 cf.
538 3441 573 3496 de
591 3442 666 3496 Boor
683 3441 713 3495 in
732 3441 827 3496 Herm.
847 3441 898 3494 XX
917 3459 943 3510 p.
960 3447 1020 3496 382.
