3296 5422
608 452 826 515 „29-

131 613 270 694 constat,
306 609 352 688 ita
389 613 425 673 ut
461 632 519 693 pro
557 614 643 673 certo
680 610 798 674 habere
834 609 995 695 possimus
1027 609 1215 675 Sallustium
1251 633 1302 673 res

130 739 149 779 a
181 715 323 780 Sertorio
356 715 429 779 inde
461 716 502 779 ab
534 738 620 780 anno
647 718 689 781 83
722 721 829 802 gestas
861 717 987 801 plenius
1019 717 1190 781 rettulisse.
1245 715 1303 780 Sin

130 822 303 886 Sallustius
333 823 371 886 de
400 822 534 887 Sertorii
553 823 731 887 'iuventute
762 823 853 907 quasi
886 829 1070 888 transcursu
1098 823 1302 906 breviterque

130 929 234 1015 egisse
264 930 403 1015 videtur,
434 929 628 994 Plutarchus
658 935 769 995 contra
799 931 925 995 easdem
952 953 1004 995 res
1031 953 1056 995 c.
1076 932 1171 996 2÷5
1199 931 1301 994 multo

129 1035 289 1100 auctiores
319 1036 464 1122 exhibet,
494 1037 747 1102 concludendum
778 1043 827 1102 est
857 1060 922 1102 non
952 1059 969 1101 e
997 1036 1150 1102 Sallustio
1177 1036 1301 1101 Plutar-

130 1143 226 1206 chum
254 1142 332 1206 talia
359 1142 511 1208 hausisse.
558 1142 620 1208 Sed
648 1144 686 1207 de
713 1143 870 1209 Rhodano
898 1168 917 1207 a
939 1143 1081 1209 Sertorio
1110 1143 1194 1208 bello
1219 1143 1301 1207 Cim-

130 1249 219 1313 brico
243 1253 444 1314 transnatato
468 1250 628 1314 consentit
656 1250 741 1314 idem
769 1273 842 1315 cum
864 1250 1036 1316 Ammiano
1059 1249 1245 1315 Marcellino
1269 1255 1302 1314 et

129 1355 303 1420 scholiasta
317 1354 502 1442 Vergilii¹),
525 1378 622 1440 quam
644 1379 712 1420 rem
735 1362 870 1442 uterque
898 1380 915 1421 e
937 1357 1071 1421 Liviana
1093 1357 1233 1441 epitome
1256 1379 1302 1420 re·

130 1569 210 1634 haec
234 1569 349 1633 debere
373 1570 459 1634 haud
482 1570 674 1656 negaverim.
720 1569 803 1635 Item
826 1592 907 1655 qnae
935 1570 974 1634 de
1002 1571 1098 1635 rebus
1121 1571 1181 1635 sub
1204 1569 1301 1634 Didio

131 1676 165 1740 in
192 1676 350 1762 Hispania
382 1676 484 1762 gestis
515 1681 625 1741 narrat
658 1677 781 1742 eLivii
813 1677 897 1742 libro
922 1676 997 1764 70²)
1029 1700 1154 1743 sumere
1186 1676 1301 1761 potuit.

130 1782 278 1869 Accedit,
308 1783 394 1867 quod
421 1782 455 1846 in
481 1784 640 1847 narrando
669 1785 754 1848 bello
784 1783 871 1848 civili
901 1784 1028 1870 saepius
1058 1807 1131 1849 cum
1153 1783 1301 1869 Appiano

130 1894 164 1953 et
191 1912 249 1954 sua
277 1889 379 1974 ipsius
408 1889 475 1955 vita
497 1890 592 1954 Marii
621 1891 668 1954 ita
690 1891 854 1976 convenit,
884 1896 920 1956 ut
948 1913 1150 1956 communem
1179 1891 1302 1954 fontem

129 1995 299 2083 Graecum,
329 1997 466 2061 fortasse
489 1995 695 2084 Strabonem,
729 2003 815 2062 certe
845 2021 910 2062 non
934 1997 1122 2063 Sallustium
1151 1997 1301 2060 habuisse

128 2103 305 2168 videantur.
331 2141 372 2149 —

218 2210 264 2276 Ut
287 2210 388 2296 igitur
415 2232 573 2275 summam
595 2210 724 2276 faciam:
748 2212 855 2275 omnia
880 2234 961 2296 quae
984 2233 1009 2275 o.
1029 2212 1116 2276 2-5
1139 2211 1300 2276 continen-

128 2321 190 2401 tur,
208 2322 336 2401 praeter
354 2317 492 2381 mediam
511 2317 661 2402 capitis4
679 2322 804 2402 partem
822 2341 861 2382 ex
876 2318 948 2382 aliis
962 2317 1172 2402 scriptoribus
1186 2319 1302 2382 hausta

130 2428 218 2508 sunt,
241 2423 333 2488 Livio
357 2424 493 2488 fortasse
521 2447 558 2488 ac
580 2423 751 2509 Strabone,
775 2448 847 2489 eum
871 2424 1042 2490 Sallustius
1068 2425 1120 2488 his
1144 2425 1182 2489 de
1206 2427 1301 2490 rebus

128 2529 302 2611 Plutarcho
325 2553 391 2594 non
415 2530 493 2594 satis
516 2531 648 2616 faceret,
671 2532 727 2594 sed
750 2531 823 2595 inde
850 2532 892 2595 ab
920 2553 1003 2594 anno
1028 2532 1080 2615 83,
1107 2553 1212 2616 aquo
1236 2531 1301 2596 Sal-

129 2637 246 2702 lustius
279 2637 362 2702 sicut
390 2635 493 2701 elucet
526 2660 565 2701 ex
592 2637 825 2723 Exuperanti0,
853 2637 1012 2722 copiosius
1039 2637 1139 2701 vitam
1167 2636 1300 2703 Sertorii

129 2766 276 2809 enarrare
304 2743 422 2828 coepit,
449 2743 480 2807 11.
501 2766 525 2808 e.
555 2744 628 2808 inde
656 2767 675 2807 a
703 2745 807 2830 capite
835 2749 926 2808 sexto
954 2744 1146 2809 Plutarchus
1174 2767 1300 2829 quoque

130 2873 203 2914 eum
225 2851 349 2914 fontem
372 2849 528 2914 adhibuit.
566 2848 657 2925 Quod
680 2850 744 2914 iam
768 2851 1100 2938 satisdemonstravit
1119 2850 1214 2915 Peter
1231 2874 1300 2935 par-

128 2957 189 3021 tim
212 2957 356 3022 Sallustii
385 2956 576 3042 fragmentis
604 2979 676 3020 eum
698 2956 872 3022 Plutarcho
896 2957 1021 3022 collatis
1046 2958 1164 3042 partim
1188 2980 1205 3021 e
1227 2957 1300 3022 Plu-

128 3065 232 3128 tarchi
255 3086 329 3128 cum
352 3062 447 3128 Gellii
471 3068 503 3127 et
525 3062 646 3128 Valerii
674 3063 807 3128 Maximi
834 3063 941 3128 verbis
969 3064 1192 3150 congruentia,
1219 3087 1300 3149 quae

130 3171 238 3235 omnia
256 3175 399 3255 repetere
417 3171 552 3257 longum
572 3175 629 3234 est.
666 3170 797 3234 Praeter
819 3171 908 3236 locos
926 3194 946 3234 a
963 3171 1079 3234 Petero
1099 3171 1162 3234 iam
1186 3171 1300 3235 allatos

130 3278 235 3372 etiam¹
256 3278 447 3343 conferenda
470 3282 565 3342 erunt
587 3276 671 3341 Plut.
695 3300 720 3342 c.
740 3281 776 3343 6:
805 3277 898 3355 τέλος
921 3274 957 3342 dt
976 3279 1110 3354 Σύλλας
1127 3282 1300 3362 Σκηπίωνι

129 3386 500 3472 παραστρατοπεδεύσας
526 3383 581 3449 καὶ
609 3387 935 3470 φιλοφρονούμενος,
958 3385 1002 3462 ὡς
1027 3386 1160 3471 εἰρήνης
1187 3383 1300 3469 ἐσομέ-

129 3515 190 3575 νης
222 3491 394 3578 διέφθειρε
421 3494 459 3557 τὸ
492 3491 676 3576 στράτευμα
711 3489 766 3557 καὶ
793 3501 895 3557 ταῦτα
927 3489 1098 3579 προλέγων
1128 3495 1300 3575 Σκηπίωνι

220 3688 247 3754 1)
266 3684 356 3739 Amm.
376 3683 461 3738 Marc.
476 3682 568 3738 XXIV
583 3690 608 3751 0,
625 3690 653 3739 71
684 3683 737 3736 ‘Et
754 3682 873 3738 miratur
896 3683 1015 3738 historia
1033 3683 1201 3737 Rhodanum
1223 3698 1300 3736 arma

131 3775 160 3825 et
178 3772 295 3826 loricam
317 3772 456 3828 retinente
475 3771 598 3827 Sertorio
622 3773 815 3827 transnatam’
836 3775 902 3839 etc.;
927 3771 1019 3828 Schol.
1039 3773 1118 3827 Bern.
1143 3771 1180 3825 ad
1199 3770 1299 3840 Georg.

129 3861 169 3916 IV
184 3867 248 3917 1081
270 3863 318 3914 ‘ut
339 3861 370 3914 in
394 3860 515 3916 historia
534 3861 672 3916 Sertorius
692 3860 790 3914 effodit
808 3861 902 3930 signa,
925 3860 1064 3931 pugnavit
1086 3862 1116 3915 et
1134 3860 1225 3916 victus
1243 3863 1299 3926 est3

129 3950 177 4004 vix
199 3949 260 4020 ipse
283 3953 315 4005 ut
338 3950 470 4006 evaderet
488 3949 656 4004 Rhodanum
679 3949 889 4006 transnatavit)
928 3949 1034 4004 Iniuria
1057 3951 1152 4004 autem
1170 3947 1301 4002 Wolfflin

130 4039 160 4092 in
173 4037 274 4094 Philol.
289 4037 366 4094 XVII
384 4057 410 4108 p.
427 4045 477 4094 547
493 4039 563 4093 haee
577 4038 664 4094 verba
679 4037 809 4093 Sallustii
828 4055 889 4094 esse
907 4038 1033 4109 putavit;
1052 4038 1082 4091 in
1100 4037 1203 4106 quibus
1222 4037 1299 4106 equi-

130 4127 195 4182 dem
217 4127 339 4197 reperire
363 4127 455 4182 similo
475 4126 639 4182 Sallustiani
664 4126 799 4181 sermonis
822 4127 973 4196 quicquam
996 4143 1113 4196 nequeo.
1151 4125 1300 4180 Simillimo

129 4216 214 4270 modo
232 4215 306 4271 Livii
329 4217 374 4271 vel
393 4215 540 4286 Epitomae
566 4215 700 4270 Livianae
723 4218 856 4286 excerpta
879 4215 1033 4271 afferuntur
1055 4215 1167 4285 saepius
1191 4233 1208 4270 a
1227 4232 1299 4270 oom-

129 4307 289 4360 mentatore
314 4305 433 4374 Lucani,
462 4304 536 4360 sicut
558 4303 584 4358 Π
607 4311 657 4360 367
685 4304 834 4374 (Usener.):
863 4303 952 4359 ‘dixit
973 4337 1009 4346 -
1033 4337 1064 4345 -
1091 4337 1122 4345 -
1146 4303 1300 4374 respiciens

129 4394 304 4462 historiam‘‚
322 4393 349 4448 V
363 4401 427 4450 t'l'l:
448 4393 494 4448 ‘in
511 4393 632 4449 historia
650 4392 769 4463 legitur‘
788 4394 850 4448 VlIl
866 4399 930 4449 4701
955 4396 1003 4448 ‘ut
1020 4392 1140 4448 historia
1157 4392 1262 4447 refert)

219 4481 451 4552 1101111101
483 4482 530 4535 ‘'P.
550 4481 649 4536 DidIus
672 4481 822 4550 proconsul
845 4481 978 4538 adversus
1002 4479 1156 4536 Celtiberos
1180 4481 1302 4536 feliciter

128 4555 288 4642 pugnavitf’
