3296 5422
816 425 1033 488 „18-

134 581 137 588 '
221 587 224 592 '
340 581 541 644 adulescente
559 579 713 663 Pompeio
736 579 837 665 gestis
860 581 937 668 agit,
961 582 1016 646 ubi
1039 582 1141 646 multa
1164 604 1180 646 e
1199 580 1356 647 Strabone
1378 583 1511 648 fluxisse

341 687 383 750 ob
415 686 581 750 Plutarchi
614 685 818 772 Appianique
856 688 1099 753 similitudinem
1130 689 1216 752 haud
1251 688 1511 773 improbabiliter

340 793 496 858 conclusit
514 791 664 880 Vogel¹);
682 817 757 858 mcx
776 817 801 858 c,
823 796 863 860 16
882 795 985 878 ipsam
1000 795 1112 880 Lepidi
1133 795 1299 879 Catulique
1319 795 1510 861 seditionem

340 905 473 966 enarrat.
519 900 567 966 Ac
590 901 729 984 primum
752 901 881 986 quidem
903 902 1026 966 fontem
1048 902 1212 966 Plutarchi
1240 902 1281 966 ab
1305 901 1510 985 optimatium

338 1008 485 1091 partibus
508 1008 636 1073 stetisse
659 1008 818 1089 videmus:
841 1009 997 1094 Lepidum
1017 1009 1101 1074 enim
1125 1032 1164 1074 ex
1183 1008 1357 1080 ambitione
1380 1007 1509 1072 seditio-

339 1137 413 1177 nem
440 1114 577 1179 movisse
608 1115 786 1200 insimulet,
813 1117 851 1180 cf.
879 1113 1024 1193 Λέπιδος
1053 1118 1204 1194 signorum
1230 1113 1349 1182 ἑαυτὸν
1371 1117 1419 1192 είς
1446 1116 1524 1199 τὴν(

340 1219 469 1286 ἐκείνου
497 1219 578 1309 (scil.
608 1220 729 1308 Sullae)
761 1223 916 1307 ὃύναμιν;
947 1222 984 1286 de
1013 1221 1126 1286 Catulo
1154 1243 1229 1286 vero
1257 1221 1359 1286 multo
1390 1220 1510 1286 iudicat

338 1327 467 1391 melius:
513 1327 643 1405 Κάτλος
680 1321 705 1416 ᾧ
741 1329 778 1394 τὸ
813 1329 964 1413 καθαρὸν
1001 1326 1056 1392 καὶ
1088 1325 1242 1410 ὑγιαῖνον
1278 1329 1420 1413 μάλιστα
1452 1338 1510 1412 τῆς

337 1440 460 1520 βουλῆς
493 1433 549 1500 καὶ
580 1445 640 1501 τοῦ
668 1437 776 1520 δήμου
808 1446 990 1522 προσεῖχεν.
1039 1434 1135 1500 Brevi
1167 1438 1241 1518 post
1273 1435 1311 1500 de
1339 1435 1441 1500 Bruto
1469 1436 1510 1500 ad

338 1542 498 1606 Mutinam
535 1545 628 1626 capto
662 1541 741 1606 duos
775 1541 889 1606 habuit
921 1546 1080 1606 auctores:
1117 1541 1135 1607 ὁ
1165 1543 1228 1628 γὰρ
1260 1547 1409 1629 Βροῦτος
1445 1549 1509 1608 εἴτε

338 1651 508 1735 παραδοὺς
534 1647 595 1732 τὴν
628 1649 773 1732 δύναμιν
802 1647 900 1724 αὐτὸς
937 1655 1000 1712 είτε
1032 1645 1212 1735 προδοθείς
1244 1647 1510 1734 μεταβαλομένης

339 1754 476 1840 ἐκείνης;
505 1755 589 1818 infra
611 1759 718 1818 autem
741 1777 851 1838 unam,
879 1757 911 1817 et
934 1754 1063 1838 quidem
1085 1753 1225 1838 priorem
1248 1754 1394 1840 sequitur
1417 1755 1451 1820 in
1474 1777 1507 1818 re

339 1862 514 1926 enarranda
548 1861 749 1949 relationem:
786 1862 959 1947 γεγραφὼς
991 1862 1053 1946 γὰρ
1087 1899 1127 1908 -
1157 1899 1197 1908 -
1231 1862 1275 1940 ὡς
1307 1859 1391 1928 ἑκὼν
1419 1861 1507 1950 αὐτῷ

337 1973 521 2054 πρόσθοιτο
544 1973 699 2056 Βροῦτος.
745 1968 840 2032 Patet
863 1972 970 2032 autem
993 1968 1075 2032 hanc
1102 1968 1251 2053 optimati
1279 1968 1388 2038 deberi
1412 1968 1508 2052 scrip·

338 2075 415 2160 tori,
443 2076 595 2160 quoniam
621 2075 755 2160 BrutuS,
782 2074 985 2159 popularium
1011 2074 1152 2159 partium
1184 2075 1261 2162 dux,
1289 2075 1435 2161 ignaviae
1463 2075 1509 2139 in-

339 2183 599 2265 constantiaeque
632 2185 810 2264 accusetur,
838 2181 927 2244 illam
953 2181 1100 2265 populari
1128 2182 1264 2267 auctori,
1288 2205 1360 2247 cunr
1389 2182 1509 2246 deditio

338 2288 432 2351 Bruti
455 2288 588 2371 perfidia
607 2287 764 2352 exercitus
783 2287 851 2352 eius
875 2292 1050 2352 excusetur.
1088 2287 1174 2365 Quae
1193 2289 1220 2352 si
1240 2289 1285 2352 ita
1303 2294 1388 2373 sunt,
1407 2289 1510 2354 conici

338 2395 433 2458 liceat
457 2391 644 2479 scriptorem
668 2394 982 2479 optimatem,·quem
1005 2395 1173 2479 praecipue
1192 2395 1253 2460 hoc
1277 2396 1380 2480 capite
1400 2418 1509 2480 sequa·

339 2507 392 2566 tur
415 2502 620 2585 PlutarchuS,
642 2501 769 2566 Livium
803 2524 885 2586 esse,
918 2501 1105 2586 popularem
1136 2525 1211 2566 vero
1245 2501 1440 2568 Sallustium.
1466 2541 1507 2550 —-

338 2609 484 2694 Denique
513 2610 551 2672 de
579 2613 682 2672 morte
705 2609 817 2692 Lepidi
845 2607 1003 2692 duplicem
1031 2608 1134 2672 denuo
1158 2613 1305 2674 tenemus
1328 2611 1413 2697 apud
1434 2610 1509 2676 Plu-

339 2717 486 2780 tarchum
513 2716 712 2780 memoriam:
744 2709 863 2781 Κάκεῖ
884 2717 1028 2798 νοσήσας
1053 2714 1240 2800 ἐτελεύτησε
1271 2711 1316 2781 δι’
1346 2717 1508 2802 ἀθυμίαν,

340 2825 380 2888 οὐ
398 2835 465 2889 τῶν
478 2824 677 2910 πραγμάτων
693 2824 737 2900 ὥς
750 2840 868 2908 φασιν,
891 2821 974 2886 ἀλλὰ
992 2825 1185 2910 γραμματίῳ
1203 2825 1399 2910 περιπεσών,
1418 2823 1451 2901 ἐξ
1466 2819 1508 2888 οὗ

340 2933 489 3015 μοιχείαν
525 2931 599 2994 τινὰ
635 2938 691 3013 τῆς
727 2931 884 3012 γυναικὸς
920 2928 1078 3015 ἐφώρασε.
1137 2927 1174 2993 Id
1206 2930 1291 3013 quod
1323 2929 1509 2994 auctoribus

339 3035 445 3100 verbis
464 3033 522 3112 ‘eg
540 3030 653 3121 φασιν
680 3035 869 3120 significatis
888 3035 1016 3120 refutat,
1034 3033 1093 3101 ‘dc'
1120 3029 1270 3121 ἀθυμίαν
1293 3033 1505 3122 τιραγμείτων’

339 3146 502 3206 mortuum
534 3163 603 3204 esse
630 3141 799 3226 Lepidum,
826 3141 909 3206 Livii
938 3139 1031 3227 est²);
1063 3145 1175 3206 contra
1202 3142 1372 3208 Sallustius
1404 3143 1510 3208 solum

340 3249 488 3313 morbum
516 3252 818 3312 commemoraverat
846 3252 878 3311 et
904 3248 1136 3332 poenitentiam
1164 3249 1368 3313 vehementer
1391 3250 1508 3314 abnue-

339 3353 431 3440 ratl)
476 3354 584 3418 Tertia
611 3359 738 3438 praeter
765 3355 913 3418 morbum
936 3359 968 3417 et
990 3354 1221 3438 poenitentiam
1247 3357 1287 3419 ab
1310 3356 1411 3420 altero
1434 3355 1510 3419 Plu-

339 3462 442 3526 tarchi
466 3465 594 3526 auctore
613 3462 750 3524 refertur
767 3460 880 3524 mortis
900 3483 1003 3544 causa,
1022 3461 1143 3525 scilicet
1161 3461 1209 3525 ira
1227 3463 1266 3526 de
1284 3462 1382 3526 infida
1401 3483 1510 3546 uxore,

340 3569 379 3633 de
403 3591 466 3653 qua
488 3568 637 3654 congruit
660 3567 851 3630 Plutarchus
871 3589 942 3630 cum
965 3567 1071 3632 Plinio
1094 3567 1224 3633 111122
1248 3573 1280 3632 et
1306 3571 1377 3635 186.
1409 3569 1509 3632 Plinii

340 3681 447 3739 autem
475 3673 570 3739 index
597 3697 669 3738 cum
693 3671 876 3738 Cornelium
898 3673 1058 3757 Nepotem
1086 3675 1210 3761 afferat,
1233 3675 1317 3740 hunc
1341 3674 1509 3758 utriusque

340 3783 399 3846 hac
422 3782 457 3847 in
479 3782 597 3846 fabella
619 3782 742 3846 fontem
764 3779 863 3844 fuisse
885 3781 1078 3866 putaverim3
1101 3782 1219 3845 etenim
1237 3781 1373 3867 Livium,
1395 3781 1450 3866 qui
1475 3781 1510 3844 in

430 4015 455 4080 1)
474 4011 493 4066 1.
511 4010 529 4064 l.
549 4029 576 4079 p.
591 4015 634 4063 21.

429 4103 456 4172 2)
468 4099 515 4156 uf.
535 4099 607 4154 uror.
626 4097 653 4152 Π
673 4103 717 4152 11:
748 4097 807 4151 ‘Ibi
829 4097 926 4152 morbo
956 4102 985 4153 et
1009 4098 1185 4168 poenitentia
1209 4097 1337 4155 interiit’
1388 4096 1507 4166 Saepius

341 4191 435 4242 autem
457 4188 637 4243 Plutarchum
664 4189 714 4242 aut
739 4188 763 4242 si
788 4204 892 4242 novum
918 4187 1028 4243 inducit
1052 4190 1195 4243 auctorem
1220 4190 1269 4241 aut
1294 4187 1319 4242 si
1340 4185 1505 4256 primarium

340 4279 446 4332 fontem
465 4295 544 4332 suum
564 4276 659 4346 aliqua
681 4275 712 4329 in
733 4293 763 4330 re
786 4276 914 4347 corrigit,
938 4276 1076 4346 imprimis
1100 4277 1124 4332 ei
1142 4294 1158 4331 e
1176 4275 1255 4331 Livio
1275 4276 1390 4344 aliquod
1409 4275 1506 4344 sumit,

341 4367 431 4420 verbis
452 4365 504 4429 ‘dr
523 4367 607 4435 φημ’
628 4366 673 4421 vel
694 4363 833 4434 ‘tr'pecuc’
858 4367 911 4419 hoc
936 4366 1028 4420 facere
1052 4367 1216 4420 observarat
1233 4364 1352 4419 Judeich
1370 4383 1398 4433 p.
1413 4371 1455 4418 45.

429 4459 457 4524 3)
475 4454 515 4511 Ol.
530 4455 619 4525 Exup.
638 4473 665 4524 p.
681 4461 705 4524 4,
722 4461 750 4509 5:
772 4455 823 4509 ‘Ac
844 4455 911 4508 dum
929 4457 1019 4509 multe
1033 4460 1124 4525 parat,
1144 4457 1241 4508 morbo
1260 4452 1340 4524 gravi
1355 4469 1504 4522 oppressus

340 4545 369 4597 et
387 4545 511 4596 mortuus
531 4544 594 4598 eet!
