3296 5422
818 483 1036 546 „28-

204 625 232 692 '1
342 646 519 725 auctorem,
556 641 594 704 cf.
624 642 763 725 στρεπτὰ
799 638 853 705 καὶ
887 643 1009 726 δόρατα
1039 641 1093 706 καὶ
1126 640 1309 725 στεφάνους
1341 639 1360 703 i.
1389 661 1414 703 e,
1448 643 1515 704 tor·
1606 601 1607 656 l

342 770 434 832 ques,
462 748 572 812 hastas
597 769 707 832 puras,
733 769 879 832 coronas,
909 747 1045 831 denique
1071 747 1262 812 conferenda
1292 768 1373 810 esse:
1408 745 1516 824 ἐξεδέ-

342 855 440 932 {avec
468 877 502 919 τε
532 856 638 943 κρότῳ
666 852 720 918 καὶ
748 856 1005 939 κατευφήμησαν
1032 876 1105 918 cum
1128 853 1203 918 Sall.
1227 853 1264 918 fr.
1284 851 1374 919 156:
1402 853 1452 917 ‘et
1484 853 1516 917 ei

341 982 418 1025 voce
455 983 572 1046 magna
608 959 870 1046 gratulabantur’
911 961 1096 1026 iamdudum
1133 960 1333 1025 intellectum
1370 965 1426 1024 est.
1469 999 1515 1007 -

341 1066 496 1131 Attamen
525 1089 719 1152 quamquam
748 1067 853 1131 media
882 1067 979 1132 huius
1009 1067 1123 1152 capitis
1152 1091 1226 1152 pars
1256 1068 1296 1130 ad
1323 1067 1517 1132 Sallustium

341 1173 438 1259 redit,
460 1155 584 1257 reliqua
607 1174 645 1238 de
669 1173 782 1238 iuvene
802 1173 943 1238 Sertorio
966 1174 1108 1239 narratio
1127 1173 1321 1239 Sallustiana
1340 1197 1408 1238 esse
1432 1173 1516 1238 mihi
1607 1159 1608 1162 Ἴ

341 1303 405 1344 non
425 1280 564 1366 videtur,
587 1284 620 1344 et
643 1279 773 1344 omnino
792 1279 980 1344 Sallustium
999 1284 1066 1344 tam
1085 1284 1230 1345 accurate
1249 1280 1328 1344 haec
1351 1303 1518 1345 enarrasse

302 1452 307 1464 ,
341 1387 539 1473 negaverim!
585 1385 716 1450 Etenim
746 1408 828 1471 quae
855 1387 1049 1452 Plutarchus
1077 1388 1115 1450 de
1138 1387 1272 1452 Sertorii
1300 1386 1334 1450 in
1356 1386 1518 1471 Hispania

342 1499 438 1578 atque
461 1493 547 1558 bello
570 1493 707 1557 Marsico
731 1493 827 1558 rebus
851 1494 952 1580 gestis
975 1495 1087 1578 habet,
1114 1495 1230 1558 hausta
1259 1516 1327 1558 esse
1354 1516 1420 1558 non
1442 1516 1516 1577 pos·

343 1605 419 1664 sunt
442 1623 459 1664 e
483 1599 627 1665 Sallustii
656 1599 745 1664 brevi
769 1601 936 1665 enuntiato
960 1598 1137 1688 (fr.155):
1168 1585 1303 1686 ‘Magna
1331 1599 1435 1686 gloria
1458 1599 1516 1664 tri-

342 1708 447 1771 bunus
477 1705 618 1771 militum
645 1705 679 1770 in
706 1705 863 1790 Hispania
890 1707 924 1771 Τ.
947 1707 1044 1772 Didio
1072 1707 1262 1791 imperante,
1294 1729 1411 1793 magno
1440 1705 1515 1771 usui
1608 1701 1609 1720 ³

342 1813 427 1878 bello
450 1813 586 1877 Marsico
609 1817 724 1896 paratu
747 1813 889 1878 militum
912 1819 945 1878 et
968 1836 1130 1878 armorum
1153 1812 1230 1897 fuit,
1254 1813 1419 1897 multaque
1442 1817 1516 1876 tum

342 1922 439 1986 ductu
463 1919 531 1984 eius
553 1917 715 2006 peracta¹)
737 1921 841 2004 primo
864 1944 922 2006 per
942 1920 1194 2007 ignobilitatem,
1218 1920 1331 1984 deinde
1353 1942 1411 2004 per
1434 1919 1515 1982 invi-

342 2027 427 2091 diam
459 2026 651 2111 soriptorum
667 2059 673 2065 ·
687 2027 789 2092 celata
821 2027 916 2092 sunt’
971 2027 1167 2113 Longiorem
1200 2031 1309 2091 autem
1341 2027 1516 2090 earundem

342 2157 450 2198 rerum
474 2133 708 2198 enarrationem
732 2157 771 2198 cx
794 2157 857 2218 qua
876 2134 1068 2199 Plutarchus
1087 2134 1216 2198 haurire
1239 2117 1406 2218 potuisset,
1429 2132 1517 2196 infra

342 2241 518 2305 insecutam
542 2263 610 2304 esse
633 2245 744 2304 vetant
772 2245 805 2304 et
832 2264 913 2325 quae
942 2242 1115 2305 succedunt
1139 2240 1283 2305 Sallustii
1311 2240 1409 2304 verba
1432 2262 1516 2324 quae

342 2347 407 2411 iam
424 2347 464 2410 ad
483 2369 551 2410 rem
571 2347 665 2430 plane
688 2346 846 2411 diversam
864 2347 1145 2433 transgrediuntur
1164 2352 1196 2411 et
1214 2345 1409 2411 narrationis
1428 2347 1516 2430 apud

341 2454 552 2519 Plutarchum
575 2455 667 2539 ordo,
690 2455 897 2519 antecessisse
920 2477 995 2519 vero
1020 2477 1056 2518 ea
1080 2454 1210 2519 omnino
1228 2477 1322 2540 nego,
1345 2476 1418 2518 cum
1440 2475 1516 2517 nus-

342 2585 438 2645 quam
461 2561 566 2646 quoad
590 2561 707 2625 scimus
735 2561 793 2626 tali
821 2562 915 2626 modo
944 2584 977 2626 se
1005 2561 1170 2645 repetierit
1193 2560 1378 2625 Sallustius!
1423 2560 1516 2625 Neve
1610 2599 1611 2616 η

343 2691 359 2730 e
382 2667 489 2731 verbis
508 2667 652 2731 Sallustii
677 2666 805 2730 ‘deinde
824 2690 882 2750 per
904 2667 1058 2731 invidiam
1081 2667 1274 2751 scriptorum
1297 2667 1399 2732 celata
1422 2666 1516 2732 sunt'

342 2774 450 2838 elicias
487 2774 604 2838 idcirco
639 2774 745 2858 ipsum
777 2773 966 2838 Sallustium
1004 2778 1096 2860 gesta
1130 2773 1263 2840 Sertorii
1302 2797 1368 2838 non
1401 2774 1516 2859 celare,

343 2880 398 2943 sed
428 2880 587 2946 celebrare
621 2881 773 2946 voluisse:
810 2881 909 2946 immo
939 2905 1014 2946 vcro
1043 2905 1109 2946 non
1138 2881 1258 2966 potuit,
1293 2903 1431 2965 namque
1461 2904 1516 2946 res

343 2986 476 3052 Sertorii
492 2989 538 3052 ita
552 2989 712 3053 oblivione
728 2989 862 3053 obrutae
881 2994 980 3074 erant,
999 2993 1036 3052 ut
1055 2988 1215 3052 exstitisse
1235 3010 1297 3072 aas,
1315 2987 1401 3070 quod
1418 3010 1515 3052 nemo

343 3094 535 3179 scriptorum
562 3095 716 3179 narravit,
744 3094 812 3179 ipse
840 3099 967 3160 tantum
990 3095 1151 3160 Sertorius
1177 3095 1258 3159 facie
1291 3117 1348 3158 sua
1375 3097 1516 3158 testatus

343 3200 393 3264 sit.
435 3200 497 3265 Sed
520 3203 560 3265 ad
583 3202 665 3265 hanc
687 3201 880 3267 narrationis
903 3202 1095 3266 brevitatem
1118 3201 1238 3285 optime
1262 3201 1419 3284 quadrant
1442 3200 1516 3264 reli-

344 3329 407 3390 qua
434 3305 580 3370 Sallustii
608 3307 802 3393 fragmenta,
834 3331 915 3392 quae
947 3307 1010 3371 huc
1037 3307 1197 3392 pertinere
1229 3307 1397 3371 iudicanda
1428 3311 1516 3390 sunt,

343 3412 427 3477 sicut
459 3413 497 3476 de
530 3413 699 3499 stipendiis
731 3413 914 3478 aSertorio
948 3414 1063 3478 mereri
1095 3413 1217 3498 coeptis
1249 3414 1286 3477 fr.
1315 3413 1374 3478 inc.
1399 3416 1441 3478 65
1460 3414 1515 3478 D.:

343 3519 482 3606 ‘Togam
509 3521 735 3605 paludamento
762 3520 926 3607 mutavit',
958 3525 1028 3585 tum
1058 3521 1095 3584 fr.
1125 3520 1184 3584 inc.
1209 3521 1264 3584 76:
1297 3518 1401 3584 ‘Inter
1424 3543 1515 3583 arma

343 3626 450 3690 civilia
473 3627 566 3711 aequi
589 3627 729 3712 bonique
756 3628 858 3692 famas
881 3628 989 3713 petit',
1016 3649 1120 3711 neque
1147 3626 1253 3692 minus
1282 3649 1422 3711 eaquae
1446 3625 1513 3690 Sal-

342 3733 440 3798 lustio
464 3735 549 3818 apud
566 3735 651 3799 Plut.
675 3757 700 3799 c.
721 3737 738 3800 7
760 3734 868 3798 deberi
887 3734 1105 3799 iudicavimus.
1151 3733 1260 3797 Etiam
1283 3733 1323 3818 is,
1347 3733 1402 3818 qui
1426 3737 1512 3798 certe

342 3863 442 3904 unum
465 3839 654 3906 Sallustium
677 3842 856 3927 exscripsit,
880 3841 1132 3926 Exuperantius,
1155 3839 1362 3905 accuratioris
1385 3839 1423 3903 de
1442 3839 1511 3903 Ser-

342 3947 426 4011 torio
453 3949 646 4014 narrationis
673 3949 802 4013 initium
832 3948 931 4014 sumit
958 3948 998 4012 ab
1026 3971 1109 4012 anno
1137 3949 1266 4012 demum
1294 3949 1350 4031 833
1377 3951 1410 4010 et
1438 3945 1510 4010 inde

342 4054 383 4118 ab
407 4054 518 4118 eodem
540 4078 623 4120 anno
647 4055 744 4120 etiam
766 4055 989 4141 Plutarchum,
1017 4055 1169 4140 quoniam
1196 4077 1269 4119 cum
1291 4053 1509 4138 Exuperantio

342 4165 375 4225 et
402 4159 546 4226 Sallustii
573 4163 763 4248 fragmentis
790 4161 916 4247 saepius
944 4162 1106 4249 congruit,
1138 4160 1291 4228 Sallustio
1320 4183 1415 4226 usum
1442 4183 1510 4226 esse

343 4326 556 4335 ——-———.

434 4433 460 4493 1)
480 4423 614 4495 ‘Eiusque
627 4427 720 4496 rapta’
737 4426 828 4495 codd,
843 4427 964 4482 correxit
976 4426 1084 4496 M‘ahly.
1103 4457 1138 4466 -
1157 4424 1286 4480 Ceterum
1306 4425 1413 4478 ‘manu‘
1436 4425 1511 4493 quod

343 4515 455 4570 addidit
472 4514 576 4570 Linkar
599 4517 684 4585 (‘tum
707 4516 794 4570 ductu
819 4515 879 4570 eius
898 4515 1080 4589 <manu>que
1103 4515 1226 4582 curata')
1249 4513 1434 4568 falsissimum
1456 4515 1508 4583 est,

343 4621 465 4674 namque
479 4605 514 4660 de
528 4605 611 4660 rebus
621 4604 734 4660 fortiter
747 4621 833 4659 manu
846 4603 934 4674 gestis
950 4603 1063 4659 omnino
1077 4603 1202 4659 nondum
1215 4602 1340 4683 loquitur
1351 4601 1509 4659 Sallustius.
