<?xml version="1.0" encoding="UTF-8"?>
<!DOCTYPE html PUBLIC "-//W3C//DTD XHTML 1.0 Transitional//EN"
    "http://www.w3.org/TR/xhtml1/DTD/xhtml1-transitional.dtd">
<html xmlns="http://www.w3.org/1999/xhtml" xml:lang="en" lang="en">
 <head>
  <title>
</title>
<meta http-equiv="Content-Type" content="text/html;charset=utf-8" />
  <meta name='ocr-system' content='tesseract 3.04.00' />
  <meta name='ocr-capabilities' content='ocr_page ocr_carea ocr_par ocr_line ocrx_word'/>
</head>
<body>
  <div class='ocr_page' id='page_1' title='image "./quaestionumsall00maurgoog_0009.png"; bbox 0 0 3296 5422; ppageno 0'>
   <div class='ocr_carea' id='block_1_1' title="bbox 816 429 1011 492">
    <p class='ocr_par' dir='ltr' id='par_1_1' title="bbox 816 429 1011 492">
     <span class='ocr_line' id='line_1_1' title="bbox 816 429 1011 492; baseline 0 -18"><span class='ocrx_word' id='word_1_1' title='bbox 816 429 1011 492; x_wconf 64' lang='lat'><strong>„4-</strong></span> 
     </span>
    </p>
   </div>
   <div class='ocr_carea' id='block_1_2' title="bbox 300 584 1503 3762">
    <p class='ocr_par' dir='ltr' id='par_1_2' title="bbox 377 584 1244 779">
     <span class='ocr_line' id='line_1_2' title="bbox 444 584 1244 672; baseline 0.003 -23"><span class='ocrx_word' id='word_1_2' title='bbox 444 584 544 650; x_wconf 91' lang='lat' dir='ltr'><strong>Orsus</strong></span> <span class='ocrx_word' id='word_1_3' title='bbox 567 585 617 650; x_wconf 94' lang='lat' dir='ltr'><strong>bis</strong></span> <span class='ocrx_word' id='word_1_4' title='bbox 641 607 735 650; x_wconf 89' lang='lat' dir='ltr'><strong>senos</strong></span> <span class='ocrx_word' id='word_1_5' title='bbox 759 587 874 651; x_wconf 89' lang='lat' dir='ltr'><strong>seriem</strong></span> <span class='ocrx_word' id='word_1_6' title='bbox 896 591 1027 651; x_wconf 79' lang='lat' dir='ltr'>conecto</span> <span class='ocrx_word' id='word_1_7' title='bbox 1051 610 1107 670; x_wconf 90' lang='lat' dir='ltr'><strong>per</strong></span> <span class='ocrx_word' id='word_1_8' title='bbox 1131 609 1244 672; x_wconf 70' lang='lat' dir='ltr'><strong>annos,</strong></span> 
     </span>
     <span class='ocr_line' id='line_1_3' title="bbox 377 691 1222 779; baseline 0.005 -25"><span class='ocrx_word' id='word_1_9' title='bbox 377 739 379 746; x_wconf 73' lang='lat'><strong>.</strong></span> <span class='ocrx_word' id='word_1_10' title='bbox 442 691 511 755; x_wconf 90' lang='lat' dir='ltr'><strong>Iam</strong></span> <span class='ocrx_word' id='word_1_11' title='bbox 534 692 607 778; x_wconf 90' lang='lat' dir='ltr'><strong>lego</strong></span> <span class='ocrx_word' id='word_1_12' title='bbox 632 693 717 757; x_wconf 87' lang='lat' dir='ltr'><strong>civili</strong></span> <span class='ocrx_word' id='word_1_13' title='bbox 741 693 877 756; x_wconf 85' lang='lat' dir='ltr'><strong>mixtum</strong></span> <span class='ocrx_word' id='word_1_14' title='bbox 900 693 1044 758; x_wconf 86' lang='lat' dir='ltr'><strong>Mavorte</strong></span> <span class='ocrx_word' id='word_1_15' title='bbox 1068 694 1222 779; x_wconf 91' lang='lat' dir='ltr'><strong>duellum,</strong></span> 
     </span>
    </p>

    <p class='ocr_par' dir='ltr' id='par_1_3' title="bbox 330 798 1502 2271">
     <span class='ocr_line' id='line_1_4' title="bbox 442 798 1210 884; baseline 0.003 -22"><span class='ocrx_word' id='word_1_16' title='bbox 442 798 545 863; x_wconf 80' lang='lat' dir='ltr'><strong>Movit</strong></span> <span class='ocrx_word' id='word_1_17' title='bbox 568 800 654 884; x_wconf 92' lang='lat' dir='ltr'><strong>quod</strong></span> <span class='ocrx_word' id='word_1_18' title='bbox 677 800 762 864; x_wconf 90' lang='lat' dir='ltr'><strong>socio</strong></span> <span class='ocrx_word' id='word_1_19' title='bbox 786 799 947 865; x_wconf 87' lang='lat' dir='ltr'><strong>Sertorius</strong></span> <span class='ocrx_word' id='word_1_20' title='bbox 970 800 1044 864; x_wconf 87' lang='lat' dir='ltr'><strong>exul</strong></span> <span class='ocrx_word' id='word_1_21' title='bbox 1067 800 1210 864; x_wconf 84' lang='lat' dir='ltr'><strong>Hibero&#39;</strong></span> 
     </span>
     <span class='ocr_line' id='line_1_5' title="bbox 331 905 1502 992; baseline 0.004 -23"><span class='ocrx_word' id='word_1_22' title='bbox 331 905 375 969; x_wconf 82' lang='lat' dir='ltr'><strong>Et</strong></span> <span class='ocrx_word' id='word_1_23' title='bbox 389 905 540 970; x_wconf 79' lang='lat' dir='ltr'>Aurelius</span> <span class='ocrx_word' id='word_1_24' title='bbox 549 905 671 992; x_wconf 77' lang='lat' dir='ltr'><strong>Victor,</strong></span> <span class='ocrx_word' id='word_1_25' title='bbox 685 906 868 992; x_wconf 74' lang='lat' dir='ltr'><strong>Septimius,</strong></span> <span class='ocrx_word' id='word_1_26' title='bbox 883 907 1044 991; x_wconf 81' lang='lat' dir='ltr'><strong>Sulpicius</strong></span> <span class='ocrx_word' id='word_1_27' title='bbox 1058 906 1201 992; x_wconf 68' lang='lat' dir='ltr'><strong>Severus</strong></span> <span class='ocrx_word' id='word_1_28' title='bbox 1220 908 1299 992; x_wconf 94' lang='lat' dir='ltr'><strong>quin</strong></span> <span class='ocrx_word' id='word_1_29' title='bbox 1312 907 1502 974; x_wconf 82' lang='lat' dir='ltr'><strong>Ammianus</strong></span> 
     </span>
     <span class='ocr_line' id='line_1_6' title="bbox 331 1011 1502 1099; baseline 0.005 -23"><span class='ocrx_word' id='word_1_30' title='bbox 331 1011 581 1099; x_wconf 85' lang='lat' dir='ltr'><strong>Marcellinus¹),</strong></span> <span class='ocrx_word' id='word_1_31' title='bbox 601 1037 617 1077; x_wconf 89' lang='grc'><strong>6</strong></span> <span class='ocrx_word' id='word_1_32' title='bbox 634 1014 661 1077; x_wconf 83' lang='grc'><strong>61</strong></span> <span class='ocrx_word' id='word_1_33' title='bbox 675 1015 772 1078; x_wconf 88' lang='grc'>1161116</span> <span class='ocrx_word' id='word_1_34' title='bbox 787 1013 935 1099; x_wconf 77' lang='lat' dir='ltr'><strong>Graecus,</strong></span> <span class='ocrx_word' id='word_1_35' title='bbox 950 1037 1016 1078; x_wconf 92' lang='lat' dir='ltr'><strong>non</strong></span> <span class='ocrx_word' id='word_1_36' title='bbox 1030 1014 1134 1078; x_wconf 89' lang='lat' dir='ltr'><strong>solum</strong></span> <span class='ocrx_word' id='word_1_37' title='bbox 1148 1015 1288 1080; x_wconf 89' lang='lat' dir='ltr'><strong>minores</strong></span> <span class='ocrx_word' id='word_1_38' title='bbox 1303 1015 1383 1080; x_wconf 92' lang='lat' dir='ltr'><strong>istos</strong></span> <span class='ocrx_word' id='word_1_39' title='bbox 1401 1017 1502 1082; x_wconf 89' lang='lat' dir='ltr'><strong>libros</strong></span> 
     </span>
     <span class='ocr_line' id='line_1_7' title="bbox 332 1120 1501 1209; baseline 0.003 -25"><span class='ocrx_word' id='word_1_40' title='bbox 332 1125 461 1204; x_wconf 91' lang='lat' dir='ltr'><strong>norant,</strong></span> <span class='ocrx_word' id='word_1_41' title='bbox 489 1120 545 1184; x_wconf 90' lang='lat' dir='ltr'><strong>sed</strong></span> <span class='ocrx_word' id='word_1_42' title='bbox 566 1120 718 1185; x_wconf 78' lang='lat' dir='ltr'><strong>historias</strong></span> <span class='ocrx_word' id='word_1_43' title='bbox 746 1142 873 1205; x_wconf 90' lang='lat' dir='ltr'><strong>quoquc</strong></span> <span class='ocrx_word' id='word_1_44' title='bbox 897 1121 1068 1209; x_wconf 79' lang='lat' dir='ltr'><strong>diligenter</strong></span> <span class='ocrx_word' id='word_1_45' title='bbox 1096 1121 1310 1186; x_wconf 87' lang='lat' dir='ltr'><strong>adhibuerunt</strong></span> <span class='ocrx_word' id='word_1_46' title='bbox 1333 1123 1501 1208; x_wconf 85' lang='lat' dir='ltr'><strong>variosque</strong></span> 
     </span>
     <span class='ocr_line' id='line_1_8' title="bbox 331 1226 1502 1322; baseline 0.002 -32"><span class='ocrx_word' id='word_1_47' title='bbox 331 1227 487 1292; x_wconf 89' lang='lat' dir='ltr'><strong>sermonis</strong></span> <span class='ocrx_word' id='word_1_48' title='bbox 510 1227 660 1292; x_wconf 80' lang='lat' dir='ltr'><strong>flosculos</strong></span> <span class='ocrx_word' id='word_1_49' title='bbox 684 1250 723 1290; x_wconf 85' lang='lat' dir='ltr'><strong>ex</strong></span> <span class='ocrx_word' id='word_1_50' title='bbox 746 1227 786 1290; x_wconf 89' lang='lat' dir='ltr'><strong>iis</strong></span> <span class='ocrx_word' id='word_1_51' title='bbox 806 1227 1039 1312; x_wconf 81' lang='lat' dir='ltr'><strong>decerpserunt.</strong></span> <span class='ocrx_word' id='word_1_52' title='bbox 1076 1227 1307 1293; x_wconf 83' lang='lat' dir='ltr'><strong>Verumtamen</strong></span> <span class='ocrx_word' id='word_1_53' title='bbox 1325 1226 1502 1322; x_wconf 75' lang='lat' dir='ltr'><strong>Avienus²)</strong></span> 
     </span>
     <span class='ocr_line' id='line_1_9' title="bbox 331 1334 1501 1420; baseline 0.001 -23"><span class='ocrx_word' id='word_1_54' title='bbox 331 1338 440 1398; x_wconf 91' lang='lat' dir='ltr'><strong>utrum</strong></span> <span class='ocrx_word' id='word_1_55' title='bbox 467 1339 569 1398; x_wconf 90' lang='lat' dir='ltr'><strong>totam</strong></span> <span class='ocrx_word' id='word_1_56' title='bbox 597 1334 805 1398; x_wconf 87' lang='lat' dir='ltr'><strong>historiarum</strong></span> <span class='ocrx_word' id='word_1_57' title='bbox 833 1335 951 1398; x_wconf 92' lang='lat' dir='ltr'><strong>molem</strong></span> <span class='ocrx_word' id='word_1_58' title='bbox 978 1335 1151 1420; x_wconf 87' lang='lat' dir='ltr'><strong>perlegerit</strong></span> <span class='ocrx_word' id='word_1_59' title='bbox 1179 1357 1220 1398; x_wconf 91' lang='lat' dir='ltr'><strong>an</strong></span> <span class='ocrx_word' id='word_1_60' title='bbox 1249 1335 1369 1400; x_wconf 74' lang='lat' dir='ltr'><strong>‘Situm</strong></span> <span class='ocrx_word' id='word_1_61' title='bbox 1392 1335 1501 1398; x_wconf 89' lang='lat' dir='ltr'><strong>Ponti-</strong></span> 
     </span>
     <span class='ocr_line' id='line_1_10' title="bbox 331 1441 1502 1526; baseline 0 -22"><span class='ocrx_word' id='word_1_62' title='bbox 331 1441 419 1504; x_wconf 90' lang='lat' dir='ltr'><strong>cum&#39;</strong></span> <span class='ocrx_word' id='word_1_63' title='bbox 448 1463 574 1505; x_wconf 87' lang='lat' dir='ltr'><strong>seorsus</strong></span> <span class='ocrx_word' id='word_1_64' title='bbox 598 1441 732 1526; x_wconf 90' lang='lat' dir='ltr'><strong>editum,</strong></span> <span class='ocrx_word' id='word_1_65' title='bbox 763 1441 876 1505; x_wconf 90' lang='lat' dir='ltr'><strong>deinde</strong></span> <span class='ocrx_word' id='word_1_66' title='bbox 899 1441 1116 1525; x_wconf 86' lang='lat' dir='ltr'><strong>Hieronymus</strong></span> <span class='ocrx_word' id='word_1_67' title='bbox 1143 1442 1290 1526; x_wconf 90' lang='lat' dir='ltr'><strong>ipsumne</strong></span> <span class='ocrx_word' id='word_1_68' title='bbox 1319 1441 1502 1505; x_wconf 83' lang='lat' dir='ltr'><strong>adhibuerit</strong></span> 
     </span>
     <span class='ocr_line' id='line_1_11' title="bbox 331 1546 1502 1632; baseline 0 -21"><span class='ocrx_word' id='word_1_69' title='bbox 331 1546 519 1612; x_wconf 81' lang='lat' dir='ltr'><strong>Sallustium</strong></span> <span class='ocrx_word' id='word_1_70' title='bbox 543 1569 584 1611; x_wconf 92' lang='lat' dir='ltr'><strong>an</strong></span> <span class='ocrx_word' id='word_1_71' title='bbox 607 1547 825 1632; x_wconf 83' lang='lat' dir='ltr'><strong>grammaticis</strong></span> <span class='ocrx_word' id='word_1_72' title='bbox 849 1547 1041 1631; x_wconf 90' lang='lat' dir='ltr'><strong>quibusdam</strong></span> <span class='ocrx_word' id='word_1_73' title='bbox 1060 1548 1206 1612; x_wconf 87' lang='lat' dir='ltr'><strong>debuerit</strong></span> <span class='ocrx_word' id='word_1_74' title='bbox 1229 1549 1318 1612; x_wconf 89' lang='lat' dir='ltr'><strong>locos</strong></span> <span class='ocrx_word' id='word_1_75' title='bbox 1341 1571 1380 1612; x_wconf 88' lang='lat' dir='ltr'><strong>ex</strong></span> <span class='ocrx_word' id='word_1_76' title='bbox 1403 1548 1502 1612; x_wconf 89' lang='lat' dir='ltr'><strong>histo·</strong></span> 
     </span>
     <span class='ocr_line' id='line_1_12' title="bbox 331 1653 1502 1740; baseline -0.001 -22"><span class='ocrx_word' id='word_1_77' title='bbox 331 1654 388 1718; x_wconf 91' lang='lat' dir='ltr'><strong>riis</strong></span> <span class='ocrx_word' id='word_1_78' title='bbox 407 1655 521 1718; x_wconf 88' lang='lat' dir='ltr'><strong>allatos</strong></span> <span class='ocrx_word' id='word_1_79' title='bbox 544 1676 620 1718; x_wconf 90' lang='lat' dir='ltr'><strong>sane</strong></span> <span class='ocrx_word' id='word_1_80' title='bbox 639 1653 780 1718; x_wconf 86' lang='lat' dir='ltr'><strong>dubitari</strong></span> <span class='ocrx_word' id='word_1_81' title='bbox 802 1658 917 1738; x_wconf 88' lang='lat' dir='ltr'><strong>potest.</strong></span> <span class='ocrx_word' id='word_1_82' title='bbox 955 1654 1149 1740; x_wconf 85' lang='lat' dir='ltr'><strong>Postremus,</strong></span> <span class='ocrx_word' id='word_1_83' title='bbox 1174 1655 1279 1739; x_wconf 92' lang='lat' dir='ltr'><strong>quoad</strong></span> <span class='ocrx_word' id='word_1_84' title='bbox 1296 1677 1356 1719; x_wconf 91' lang='lat' dir='ltr'><strong>nos</strong></span> <span class='ocrx_word' id='word_1_85' title='bbox 1375 1655 1502 1739; x_wconf 89' lang='lat' dir='ltr'><strong>scimus,</strong></span> 
     </span>
     <span class='ocr_line' id='line_1_13' title="bbox 331 1759 1502 1846; baseline 0.001 -24"><span class='ocrx_word' id='word_1_86' title='bbox 331 1765 417 1824; x_wconf 89' lang='lat' dir='ltr'><strong>totas</strong></span> <span class='ocrx_word' id='word_1_87' title='bbox 436 1759 580 1824; x_wconf 88' lang='lat' dir='ltr'><strong>Sallustii</strong></span> <span class='ocrx_word' id='word_1_88' title='bbox 599 1760 751 1824; x_wconf 85' lang='lat' dir='ltr'><strong>historias</strong></span> <span class='ocrx_word' id='word_1_89' title='bbox 774 1760 855 1846; x_wconf 90' lang='lat' dir='ltr'><strong>legit</strong></span> <span class='ocrx_word' id='word_1_90' title='bbox 873 1760 1089 1846; x_wconf 84' lang='lat' dir='ltr'><strong>Augustinus,</strong></span> <span class='ocrx_word' id='word_1_91' title='bbox 1113 1762 1167 1846; x_wconf 92' lang='lat' dir='ltr'><strong>qui</strong></span> <span class='ocrx_word' id='word_1_92' title='bbox 1191 1762 1274 1825; x_wconf 92' lang='lat' dir='ltr'><strong>libro</strong></span> <span class='ocrx_word' id='word_1_93' title='bbox 1299 1761 1502 1825; x_wconf 74' lang='lat' dir='ltr'><strong>‘decivitate</strong></span> 
     </span>
     <span class='ocr_line' id='line_1_14' title="bbox 331 1866 1502 1952; baseline 0 -22"><span class='ocrx_word' id='word_1_94' title='bbox 331 1867 409 1930; x_wconf 88' lang='lat' dir='ltr'><strong>Dei&#39;</strong></span> <span class='ocrx_word' id='word_1_95' title='bbox 434 1867 517 1930; x_wconf 91' lang='lat' dir='ltr'><strong>circa</strong></span> <span class='ocrx_word' id='word_1_96' title='bbox 541 1888 660 1930; x_wconf 90' lang='lat' dir='ltr'><strong>annum</strong></span> <span class='ocrx_word' id='word_1_97' title='bbox 678 1867 745 1930; x_wconf 78' lang='lat'><strong>425</strong></span> <span class='ocrx_word' id='word_1_98' title='bbox 769 1866 854 1930; x_wconf 90' lang='lat' dir='ltr'><strong>edito</strong></span> <span class='ocrx_word' id='word_1_99' title='bbox 873 1867 1021 1952; x_wconf 90' lang='lat' dir='ltr'><strong>longiora</strong></span> <span class='ocrx_word' id='word_1_100' title='bbox 1040 1868 1170 1932; x_wconf 84' lang='lat' dir='ltr'><strong>exhibet</strong></span> <span class='ocrx_word' id='word_1_101' title='bbox 1188 1867 1396 1932; x_wconf 87' lang='lat' dir='ltr'><strong>historiarum</strong></span> <span class='ocrx_word' id='word_1_102' title='bbox 1418 1867 1502 1952; x_wconf 80' lang='lat' dir='ltr'><strong>trag-</strong></span> 
     </span>
     <span class='ocr_line' id='line_1_15' title="bbox 332 1971 1501 2057; baseline 0 -22"><span class='ocrx_word' id='word_1_103' title='bbox 332 1976 447 2036; x_wconf 91' lang='lat' dir='ltr'><strong>menta.</strong></span> <span class='ocrx_word' id='word_1_104' title='bbox 502 1971 620 2036; x_wconf 88' lang='lat' dir='ltr'><strong>lisdem</strong></span> <span class='ocrx_word' id='word_1_105' title='bbox 657 1973 794 2036; x_wconf 88' lang='lat' dir='ltr'><strong>fortasse</strong></span> <span class='ocrx_word' id='word_1_106' title='bbox 830 1974 1030 2057; x_wconf 88' lang='lat' dir='ltr'><strong>temporibus</strong></span> <span class='ocrx_word' id='word_1_107' title='bbox 1063 1974 1302 2038; x_wconf 90' lang='lat' dir='ltr'><strong>attribuendum</strong></span> <span class='ocrx_word' id='word_1_108' title='bbox 1336 1974 1396 2038; x_wconf 90' lang='lat' dir='ltr'><strong>erit</strong></span> <span class='ocrx_word' id='word_1_109' title='bbox 1427 1972 1501 2037; x_wconf 91' lang='lat' dir='ltr'><strong>Iulii</strong></span> 
     </span>
     <span class='ocr_line' id='line_1_16' title="bbox 330 2079 1500 2163; baseline 0 -21"><span class='ocrx_word' id='word_1_110' title='bbox 330 2079 542 2163; x_wconf 79' lang='lat' dir='ltr'><strong>Exuperantii</strong></span> <span class='ocrx_word' id='word_1_111' title='bbox 579 2079 633 2142; x_wconf 81' lang='lat' dir='ltr'><strong>‘de</strong></span> <span class='ocrx_word' id='word_1_112' title='bbox 670 2079 755 2142; x_wconf 90' lang='lat' dir='ltr'><strong>bello</strong></span> <span class='ocrx_word' id='word_1_113' title='bbox 794 2079 880 2144; x_wconf 84' lang='lat' dir='ltr'><strong>civili</strong></span> <span class='ocrx_word' id='word_1_114' title='bbox 918 2081 1124 2163; x_wconf 91' lang='lat' dir='ltr'><strong>opusculum’</strong></span> <span class='ocrx_word' id='word_1_115' title='bbox 1164 2104 1202 2144; x_wconf 88' lang='lat' dir='ltr'><strong>ex</strong></span> <span class='ocrx_word' id='word_1_116' title='bbox 1234 2080 1378 2158; x_wconf 89' lang='lat' dir='ltr'><strong>Sallustii</strong></span> <span class='ocrx_word' id='word_1_117' title='bbox 1416 2079 1500 2142; x_wconf 88' lang='lat' dir='ltr'><strong>bello</strong></span> 
     </span>
     <span class='ocr_line' id='line_1_17' title="bbox 331 2169 1328 2271; baseline 0.003 -23"><span class='ocrx_word' id='word_1_118' title='bbox 331 2185 523 2271; x_wconf 90' lang='lat' dir='ltr'><strong>Iugurthino</strong></span> <span class='ocrx_word' id='word_1_119' title='bbox 548 2189 644 2268; x_wconf 89' lang='lat' dir='ltr'><strong>atque</strong></span> <span class='ocrx_word' id='word_1_120' title='bbox 667 2185 771 2268; x_wconf 93' lang='lat' dir='ltr'><strong>primo</strong></span> <span class='ocrx_word' id='word_1_121' title='bbox 795 2169 1004 2249; x_wconf 91' lang='lat' dir='ltr'><strong>historiarum</strong></span> <span class='ocrx_word' id='word_1_122' title='bbox 1027 2187 1111 2250; x_wconf 92' lang='lat' dir='ltr'><strong>libro</strong></span> <span class='ocrx_word' id='word_1_123' title='bbox 1135 2191 1328 2270; x_wconf 88' lang='lat' dir='ltr'><strong>excerptum.</strong></span> 
     </span>
    </p>

    <p class='ocr_par' dir='ltr' id='par_1_4' title="bbox 300 2291 1503 3762">
     <span class='ocr_line' id='line_1_18' title="bbox 419 2291 1502 2377; baseline 0 -21"><span class='ocrx_word' id='word_1_124' title='bbox 419 2292 526 2356; x_wconf 90' lang='lat' dir='ltr'><strong>Medio</strong></span> <span class='ocrx_word' id='word_1_125' title='bbox 546 2291 646 2376; x_wconf 91' lang='lat' dir='ltr'><strong>igitur</strong></span> <span class='ocrx_word' id='word_1_126' title='bbox 666 2291 778 2374; x_wconf 92' lang='lat' dir='ltr'><strong>quinto</strong></span> <span class='ocrx_word' id='word_1_127' title='bbox 801 2315 831 2375; x_wconf 90' lang='lat' dir='ltr'><strong>p.</strong></span> <span class='ocrx_word' id='word_1_128' title='bbox 847 2291 919 2356; x_wconf 80' lang='lat' dir='ltr'><strong>ehr.</strong></span> <span class='ocrx_word' id='word_1_129' title='bbox 939 2315 969 2356; x_wconf 93' lang='lat' dir='ltr'><strong>n.</strong></span> <span class='ocrx_word' id='word_1_130' title='bbox 988 2293 1114 2356; x_wconf 90' lang='lat' dir='ltr'><strong>saeculo</strong></span> <span class='ocrx_word' id='word_1_131' title='bbox 1139 2293 1199 2357; x_wconf 91' lang='lat' dir='ltr'><strong>etsi</strong></span> <span class='ocrx_word' id='word_1_132' title='bbox 1222 2294 1316 2377; x_wconf 91' lang='lat' dir='ltr'><strong>plane</strong></span> <span class='ocrx_word' id='word_1_133' title='bbox 1335 2294 1502 2357; x_wconf 92' lang='lat' dir='ltr'><strong>doctorum</strong></span> 
     </span>
     <span class='ocr_line' id='line_1_19' title="bbox 331 2397 1502 2486; baseline -0.002 -24"><span class='ocrx_word' id='word_1_134' title='bbox 331 2399 498 2462; x_wconf 89' lang='lat' dir='ltr'><strong>hominurn</strong></span> <span class='ocrx_word' id='word_1_135' title='bbox 528 2420 621 2462; x_wconf 89' lang='lat' dir='ltr'><strong>curae</strong></span> <span class='ocrx_word' id='word_1_136' title='bbox 651 2397 805 2462; x_wconf 89' lang='lat' dir='ltr'><strong>excidisse</strong></span> <span class='ocrx_word' id='word_1_137' title='bbox 832 2398 981 2462; x_wconf 88' lang='lat' dir='ltr'><strong>videntur</strong></span> <span class='ocrx_word' id='word_1_138' title='bbox 1010 2399 1178 2486; x_wconf 87' lang='lat' dir='ltr'><strong>historiae,</strong></span> <span class='ocrx_word' id='word_1_139' title='bbox 1208 2404 1316 2463; x_wconf 90' lang='lat' dir='ltr'><strong>tamen</strong></span> <span class='ocrx_word' id='word_1_140' title='bbox 1342 2399 1502 2483; x_wconf 88' lang='lat' dir='ltr'><strong>permulta</strong></span> 
     </span>
     <span class='ocr_line' id='line_1_20' title="bbox 332 2505 1502 2592; baseline -0.001 -23"><span class='ocrx_word' id='word_1_141' title='bbox 332 2509 459 2569; x_wconf 82' lang='lat' dir='ltr'><strong>exstant</strong></span> <span class='ocrx_word' id='word_1_142' title='bbox 473 2527 583 2570; x_wconf 93' lang='lat' dir='ltr'><strong>earum</strong></span> <span class='ocrx_word' id='word_1_143' title='bbox 597 2505 787 2591; x_wconf 85' lang='lat' dir='ltr'><strong>fragmenta,</strong></span> <span class='ocrx_word' id='word_1_144' title='bbox 807 2527 943 2588; x_wconf 92' lang='lat' dir='ltr'><strong>quorum</strong></span> <span class='ocrx_word' id='word_1_145' title='bbox 962 2506 1113 2590; x_wconf 90' lang='lat' dir='ltr'><strong>pleraque</strong></span> <span class='ocrx_word' id='word_1_146' title='bbox 1132 2506 1414 2592; x_wconf 88' lang='lat' dir='ltr'><strong>grammaticorum</strong></span> <span class='ocrx_word' id='word_1_147' title='bbox 1433 2505 1502 2569; x_wconf 89' lang='lat' dir='ltr'><strong>lati-</strong></span> 
     </span>
     <span class='ocr_line' id='line_1_21' title="bbox 330 2611 1502 2698; baseline -0.002 -22"><span class='ocrx_word' id='word_1_148' title='bbox 330 2637 446 2677; x_wconf 92' lang='lat' dir='ltr'><strong>norum</strong></span> <span class='ocrx_word' id='word_1_149' title='bbox 466 2612 572 2676; x_wconf 90' lang='lat' dir='ltr'><strong>studio</strong></span> <span class='ocrx_word' id='word_1_150' title='bbox 592 2612 755 2696; x_wconf 89' lang='lat' dir='ltr'><strong>debemus,</strong></span> <span class='ocrx_word' id='word_1_151' title='bbox 779 2611 834 2695; x_wconf 93' lang='lat' dir='ltr'><strong>qui</strong></span> <span class='ocrx_word' id='word_1_152' title='bbox 854 2611 998 2675; x_wconf 75' lang='lat' dir='ltr'><strong>Sallustii</strong></span> <span class='ocrx_word' id='word_1_153' title='bbox 1017 2635 1119 2698; x_wconf 89' lang='lat' dir='ltr'><strong>genus</strong></span> <span class='ocrx_word' id='word_1_154' title='bbox 1139 2612 1262 2676; x_wconf 90' lang='lat' dir='ltr'><strong>dicendi</strong></span> <span class='ocrx_word' id='word_1_155' title='bbox 1281 2611 1502 2677; x_wconf 88' lang='lat' dir='ltr'><strong>Sallustianas-</strong></span> 
     </span>
     <span class='ocr_line' id='line_1_22' title="bbox 332 2717 1502 2803; baseline -0.003 -20"><span class='ocrx_word' id='word_1_156' title='bbox 332 2742 393 2803; x_wconf 91' lang='lat' dir='ltr'><strong>que</strong></span> <span class='ocrx_word' id='word_1_157' title='bbox 424 2741 517 2783; x_wconf 83' lang='lat' dir='ltr'><strong>voces</strong></span> <span class='ocrx_word' id='word_1_158' title='bbox 547 2719 773 2802; x_wconf 89' lang='lat' dir='ltr'><strong>observabant,</strong></span> <span class='ocrx_word' id='word_1_159' title='bbox 805 2717 991 2802; x_wconf 90' lang='lat' dir='ltr'><strong>laudabant,</strong></span> <span class='ocrx_word' id='word_1_160' title='bbox 1023 2718 1210 2802; x_wconf 89' lang='lat' dir='ltr'><strong>aequalibus</strong></span> <span class='ocrx_word' id='word_1_161' title='bbox 1242 2719 1282 2782; x_wconf 92' lang='lat' dir='ltr'><strong>ad</strong></span> <span class='ocrx_word' id='word_1_162' title='bbox 1312 2719 1502 2782; x_wconf 87' lang='lat' dir='ltr'><strong>imitandum</strong></span> 
     </span>
     <span class='ocr_line' id='line_1_23' title="bbox 331 2824 1503 2910; baseline -0.002 -21"><span class='ocrx_word' id='word_1_163' title='bbox 331 2827 553 2910; x_wconf 90' lang='lat' dir='ltr'><strong>proponebant</strong></span> <span class='ocrx_word' id='word_1_164' title='bbox 576 2825 627 2888; x_wconf 87' lang='lat' dir='ltr'><strong>vel</strong></span> <span class='ocrx_word' id='word_1_165' title='bbox 650 2825 773 2908; x_wconf 88' lang='lat' dir='ltr'><strong>priscae</strong></span> <span class='ocrx_word' id='word_1_166' title='bbox 796 2824 968 2888; x_wconf 90' lang='lat' dir='ltr'><strong>latinitatis</strong></span> <span class='ocrx_word' id='word_1_167' title='bbox 987 2847 1080 2888; x_wconf 89' lang='lat' dir='ltr'><strong>usum</strong></span> <span class='ocrx_word' id='word_1_168' title='bbox 1099 2825 1205 2888; x_wconf 90' lang='lat' dir='ltr'><strong>allatis</strong></span> <span class='ocrx_word' id='word_1_169' title='bbox 1229 2848 1268 2888; x_wconf 86' lang='lat' dir='ltr'><strong>ex</strong></span> <span class='ocrx_word' id='word_1_170' title='bbox 1287 2849 1324 2889; x_wconf 93' lang='grc' dir='ltr'><strong>6ο</strong></span> <span class='ocrx_word' id='word_1_171' title='bbox 1349 2825 1503 2909; x_wconf 83' lang='lat' dir='ltr'><strong>exemplis</strong></span> 
     </span>
     <span class='ocr_line' id='line_1_24' title="bbox 332 2917 1502 3018; baseline -0.003 -22"><span class='ocrx_word' id='word_1_172' title='bbox 332 2934 572 2996; x_wconf 86' lang='lat' dir='ltr'><strong>confirmabant.</strong></span> <span class='ocrx_word' id='word_1_173' title='bbox 632 2931 759 2994; x_wconf 90' lang='lat' dir='ltr'><strong>Primos</strong></span> <span class='ocrx_word' id='word_1_174' title='bbox 797 2917 888 2994; x_wconf 86' lang='lat' dir='ltr'><strong>docte</strong></span> <span class='ocrx_word' id='word_1_175' title='bbox 926 2932 964 2994; x_wconf 91' lang='lat' dir='ltr'><strong>de</strong></span> <span class='ocrx_word' id='word_1_176' title='bbox 1001 2931 1153 2996; x_wconf 87' lang='lat' dir='ltr'><strong>Sallustio</strong></span> <span class='ocrx_word' id='word_1_177' title='bbox 1192 2931 1295 3018; x_wconf 87' lang='lat' dir='ltr'><strong>egisse</strong></span> <span class='ocrx_word' id='word_1_178' title='bbox 1327 2931 1502 2996; x_wconf 89' lang='lat' dir='ltr'><strong>Aemilium</strong></span> 
     </span>
     <span class='ocr_line' id='line_1_25' title="bbox 331 3037 1503 3122; baseline 0.001 -21"><span class='ocrx_word' id='word_1_179' title='bbox 331 3039 491 3122; x_wconf 89' lang='lat' dir='ltr'><strong>Asperum</strong></span> <span class='ocrx_word' id='word_1_180' title='bbox 515 3043 546 3102; x_wconf 90' lang='lat' dir='ltr'><strong>et</strong></span> <span class='ocrx_word' id='word_1_181' title='bbox 569 3038 736 3103; x_wconf 89' lang='lat' dir='ltr'><strong>Valerium</strong></span> <span class='ocrx_word' id='word_1_182' title='bbox 758 3037 901 3101; x_wconf 90' lang='lat' dir='ltr'><strong>Probum</strong></span> <span class='ocrx_word' id='word_1_183' title='bbox 924 3061 1021 3122; x_wconf 88' lang='lat' dir='ltr'><strong>supra</strong></span> <span class='ocrx_word' id='word_1_184' title='bbox 1043 3039 1107 3103; x_wconf 91' lang='lat' dir='ltr'><strong>iam</strong></span> <span class='ocrx_word' id='word_1_185' title='bbox 1131 3040 1385 3104; x_wconf 86' lang='lat' dir='ltr'><strong>commemoravi.</strong></span> <span class='ocrx_word' id='word_1_186' title='bbox 1431 3039 1503 3104; x_wconf 87' lang='lat' dir='ltr'><strong>Sae-</strong></span> 
     </span>
     <span class='ocr_line' id='line_1_26' title="bbox 331 3144 1503 3230; baseline 0 -22"><span class='ocrx_word' id='word_1_187' title='bbox 331 3146 463 3229; x_wconf 88' lang='lat' dir='ltr'><strong>pissime</strong></span> <span class='ocrx_word' id='word_1_188' title='bbox 491 3145 605 3209; x_wconf 92' lang='lat' dir='ltr'><strong>deinde</strong></span> <span class='ocrx_word' id='word_1_189' title='bbox 633 3145 737 3209; x_wconf 91' lang='lat' dir='ltr'><strong>Aulus</strong></span> <span class='ocrx_word' id='word_1_190' title='bbox 761 3144 896 3230; x_wconf 83' lang='lat' dir='ltr'><strong>Gellius,</strong></span> <span class='ocrx_word' id='word_1_191' title='bbox 926 3145 975 3208; x_wconf 87' lang='lat' dir='ltr'><strong>vir</strong></span> <span class='ocrx_word' id='word_1_192' title='bbox 1002 3145 1088 3208; x_wconf 88' lang='lat' dir='ltr'><strong>haud</strong></span> <span class='ocrx_word' id='word_1_193' title='bbox 1116 3146 1307 3230; x_wconf 90' lang='lat' dir='ltr'><strong>ineruditus,</strong></span> <span class='ocrx_word' id='word_1_194' title='bbox 1338 3146 1503 3210; x_wconf 89' lang='lat' dir='ltr'><strong>enuntiata</strong></span> 
     </span>
     <span class='ocr_line' id='line_1_27' title="bbox 331 3251 1503 3337; baseline -0.001 -22"><span class='ocrx_word' id='word_1_195' title='bbox 331 3253 467 3315; x_wconf 85' lang='lat' dir='ltr'><strong>verbave</strong></span> <span class='ocrx_word' id='word_1_196' title='bbox 491 3275 530 3315; x_wconf 83' lang='lat' dir='ltr'><strong>ex</strong></span> <span class='ocrx_word' id='word_1_197' title='bbox 554 3252 700 3315; x_wconf 89' lang='lat' dir='ltr'><strong>historiis</strong></span> <span class='ocrx_word' id='word_1_198' title='bbox 723 3251 846 3335; x_wconf 88' lang='lat' dir='ltr'><strong>laudat;</strong></span> <span class='ocrx_word' id='word_1_199' title='bbox 874 3255 991 3335; x_wconf 86' lang='lat' dir='ltr'><strong>postea·</strong></span> <span class='ocrx_word' id='word_1_200' title='bbox 1013 3252 1101 3315; x_wconf 90' lang='lat' dir='ltr'><strong>tertii</strong></span> <span class='ocrx_word' id='word_1_201' title='bbox 1129 3252 1247 3316; x_wconf 88' lang='lat' dir='ltr'><strong>saeculi</strong></span> <span class='ocrx_word' id='word_1_202' title='bbox 1275 3253 1503 3337; x_wconf 89' lang='lat' dir='ltr'><strong>grammaticus</strong></span> 
     </span>
     <span class='ocr_line' id='line_1_28' title="bbox 300 3355 1502 3443; baseline 0 -23"><span class='ocrx_word' id='word_1_203' title='bbox 300 3425 302 3430; x_wconf 64' lang='grc'>,</span> <span class='ocrx_word' id='word_1_204' title='bbox 332 3357 456 3420; x_wconf 85' lang='lat' dir='ltr'><strong>exstitit</strong></span> <span class='ocrx_word' id='word_1_205' title='bbox 475 3355 619 3420; x_wconf 88' lang='lat' dir='ltr'><strong>Sallustii</strong></span> <span class='ocrx_word' id='word_1_206' title='bbox 643 3357 805 3420; x_wconf 90' lang='lat' dir='ltr'><strong>studiosus</strong></span> <span class='ocrx_word' id='word_1_207' title='bbox 823 3356 949 3422; x_wconf 92' lang='lat' dir='ltr'><strong>Nonius</strong></span> <span class='ocrx_word' id='word_1_208' title='bbox 968 3357 1147 3443; x_wconf 71' lang='lat' dir='ltr'><strong>Marcellus</strong></span> <span class='ocrx_word' id='word_1_209' title='bbox 1169 3361 1296 3442; x_wconf 90' lang='lat' dir='ltr'><strong>praeter</strong></span> <span class='ocrx_word' id='word_1_210' title='bbox 1318 3357 1403 3420; x_wconf 94' lang='lat' dir='ltr'><strong>hunc</strong></span> <span class='ocrx_word' id='word_1_211' title='bbox 1425 3379 1502 3420; x_wconf 95' lang='lat' dir='ltr'><strong>non-</strong></span> 
     </span>
     <span class='ocr_line' id='line_1_29' title="bbox 330 3462 1501 3549; baseline 0 -23"><span class='ocrx_word' id='word_1_212' title='bbox 330 3463 419 3526; x_wconf 94' lang='lat' dir='ltr'><strong>nulla</strong></span> <span class='ocrx_word' id='word_1_213' title='bbox 438 3464 593 3547; x_wconf 90' lang='lat' dir='ltr'><strong>quaedam</strong></span> <span class='ocrx_word' id='word_1_214' title='bbox 611 3464 731 3526; x_wconf 92' lang='lat' dir='ltr'><strong>habent</strong></span> <span class='ocrx_word' id='word_1_215' title='bbox 746 3462 935 3547; x_wconf 87' lang='lat' dir='ltr'><strong>Porphyri0,</strong></span> <span class='ocrx_word' id='word_1_216' title='bbox 954 3463 1081 3527; x_wconf 91' lang='lat' dir='ltr'><strong>Horatii</strong></span> <span class='ocrx_word' id='word_1_217' title='bbox 1101 3464 1267 3549; x_wconf 89' lang='lat' dir='ltr'><strong>interpres,</strong></span> <span class='ocrx_word' id='word_1_218' title='bbox 1286 3486 1322 3527; x_wconf 90' lang='lat' dir='ltr'><strong>ae</strong></span> <span class='ocrx_word' id='word_1_219' title='bbox 1341 3462 1501 3527; x_wconf 87' lang='lat' dir='ltr'><strong>Sacerdos</strong></span> 
     </span>
     <span class='ocr_line' id='line_1_30' title="bbox 331 3569 1502 3656; baseline -0.002 -23"><span class='ocrx_word' id='word_1_220' title='bbox 331 3570 451 3646; x_wconf 81' lang='lat' dir='ltr'><strong>Quarto</strong></span> <span class='ocrx_word' id='word_1_221' title='bbox 476 3569 651 3653; x_wconf 89' lang='lat' dir='ltr'><strong>quintoque</strong></span> <span class='ocrx_word' id='word_1_222' title='bbox 670 3593 699 3652; x_wconf 94' lang='lat' dir='ltr'><strong>p.</strong></span> <span class='ocrx_word' id='word_1_223' title='bbox 720 3569 791 3632; x_wconf 79' lang='lat' dir='ltr'><strong>Chr.</strong></span> <span class='ocrx_word' id='word_1_224' title='bbox 810 3592 841 3633; x_wconf 91' lang='lat' dir='ltr'><strong>n.</strong></span> <span class='ocrx_word' id='word_1_225' title='bbox 865 3570 990 3634; x_wconf 89' lang='lat' dir='ltr'><strong>saeculo</strong></span> <span class='ocrx_word' id='word_1_226' title='bbox 1010 3593 1127 3656; x_wconf 89' lang='lat' dir='ltr'><strong>magna</strong></span> <span class='ocrx_word' id='word_1_227' title='bbox 1146 3570 1428 3656; x_wconf 90' lang='lat' dir='ltr'><strong>grammaticorum</strong></span> <span class='ocrx_word' id='word_1_228' title='bbox 1447 3569 1502 3654; x_wconf 91' lang='lat' dir='ltr'><strong>qui</strong></span> 
     </span>
     <span class='ocr_line' id='line_1_31' title="bbox 331 3675 1502 3762; baseline 0 -24"><span class='ocrx_word' id='word_1_229' title='bbox 331 3676 483 3740; x_wconf 89' lang='lat' dir='ltr'><strong>historias</strong></span> <span class='ocrx_word' id='word_1_230' title='bbox 503 3675 681 3740; x_wconf 86' lang='lat' dir='ltr'><strong>citaverunt</strong></span> <span class='ocrx_word' id='word_1_231' title='bbox 699 3676 794 3740; x_wconf 88' lang='lat' dir='ltr'><strong>nobis</strong></span> <span class='ocrx_word' id='word_1_232' title='bbox 812 3679 940 3760; x_wconf 91' lang='lat' dir='ltr'><strong>praesto</strong></span> <span class='ocrx_word' id='word_1_233' title='bbox 961 3681 1009 3740; x_wconf 90' lang='lat' dir='ltr'><strong>est</strong></span> <span class='ocrx_word' id='word_1_234' title='bbox 1028 3678 1156 3762; x_wconf 87' lang='lat' dir='ltr'><strong>cohors;</strong></span> <span class='ocrx_word' id='word_1_235' title='bbox 1180 3700 1219 3741; x_wconf 87' lang='lat' dir='ltr'><strong>ex</strong></span> <span class='ocrx_word' id='word_1_236' title='bbox 1238 3677 1355 3761; x_wconf 89' lang='lat' dir='ltr'><strong>quibus</strong></span> <span class='ocrx_word' id='word_1_237' title='bbox 1373 3676 1502 3740; x_wconf 92' lang='lat' dir='ltr'><strong>Aelium</strong></span> 
     </span>
    </p>
   </div>
   <div class='ocr_carea' id='block_1_3' title="bbox 331 3832 1501 3992">
    <p class='ocr_par' dir='ltr' id='par_1_5' title="bbox 331 3832 1501 3992">
     <span class='ocr_line' id='line_1_32' title="bbox 404 3832 1501 3904; baseline -0.002 -16"><span class='ocrx_word' id='word_1_238' title='bbox 404 3837 429 3902; x_wconf 89' lang='lat'><strong>1)</strong></span> <span class='ocrx_word' id='word_1_239' title='bbox 448 3833 489 3888; x_wconf 88' lang='lat' dir='ltr'><strong>De</strong></span> <span class='ocrx_word' id='word_1_240' title='bbox 509 3832 632 3904; x_wconf 84' lang='lat' dir='ltr'><strong>Sulpicio</strong></span> <span class='ocrx_word' id='word_1_241' title='bbox 652 3850 684 3887; x_wconf 90' lang='lat' dir='ltr'><strong>ac</strong></span> <span class='ocrx_word' id='word_1_242' title='bbox 704 3833 840 3902; x_wconf 87' lang='lat' dir='ltr'><strong>Septimio</strong></span> <span class='ocrx_word' id='word_1_243' title='bbox 860 3834 894 3890; x_wconf 88' lang='lat' dir='ltr'><strong>cf.</strong></span> <span class='ocrx_word' id='word_1_244' title='bbox 914 3833 1021 3903; x_wconf 84' lang='lat' dir='ltr'><strong>Pratje,</strong></span> <span class='ocrx_word' id='word_1_245' title='bbox 1041 3833 1077 3888; x_wconf 88' lang='lat' dir='ltr'><strong>de</strong></span> <span class='ocrx_word' id='word_1_246' title='bbox 1095 3833 1209 3889; x_wconf 88' lang='lat' dir='ltr'><strong>Aurelio</strong></span> <span class='ocrx_word' id='word_1_247' title='bbox 1229 3834 1311 3903; x_wconf 86' lang='lat' dir='ltr'><strong>Opitz</strong></span> <span class='ocrx_word' id='word_1_248' title='bbox 1331 3838 1359 3888; x_wconf 90' lang='grc'><strong>61</strong></span> <span class='ocrx_word' id='word_1_249' title='bbox 1373 3833 1501 3888; x_wconf 83' lang='lat' dir='ltr'><strong>Wb&#39;lfflin</strong></span> 
     </span>
     <span class='ocr_line' id='line_1_33' title="bbox 331 3921 1500 3992; baseline -0.003 -16"><span class='ocrx_word' id='word_1_250' title='bbox 331 3924 350 3978; x_wconf 88' lang='lat' dir='ltr'><strong>l.</strong></span> <span class='ocrx_word' id='word_1_251' title='bbox 370 3923 401 3988; x_wconf 88' lang='lat' dir='ltr'><strong>l.;</strong></span> <span class='ocrx_word' id='word_1_252' title='bbox 431 3922 465 3976; x_wconf 89' lang='lat' dir='ltr'><strong>de</strong></span> <span class='ocrx_word' id='word_1_253' title='bbox 488 3921 636 3976; x_wconf 86' lang='lat' dir='ltr'><strong>Ammiano</strong></span> <span class='ocrx_word' id='word_1_254' title='bbox 665 3922 728 3991; x_wconf 84' lang='lat' dir='ltr'><strong>lege</strong></span> <span class='ocrx_word' id='word_1_255' title='bbox 755 3922 853 3990; x_wconf 82' lang='lat' dir='ltr'><strong>Hertz,</strong></span> <span class='ocrx_word' id='word_1_256' title='bbox 887 3923 945 3992; x_wconf 90' lang='lat' dir='ltr'><strong>„de</strong></span> <span class='ocrx_word' id='word_1_257' title='bbox 968 3922 1111 3977; x_wconf 89' lang='lat' dir='ltr'><strong>Ammiani</strong></span> <span class='ocrx_word' id='word_1_258' title='bbox 1134 3923 1291 3978; x_wconf 88' lang='lat' dir='ltr'><strong>Marcellini</strong></span> <span class='ocrx_word' id='word_1_259' title='bbox 1320 3922 1422 3977; x_wconf 85' lang='lat' dir='ltr'><strong>studiis</strong></span> <span class='ocrx_word' id='word_1_260' title='bbox 1442 3921 1500 3976; x_wconf 89' lang='lat' dir='ltr'><strong>Sal—</strong></span> 
     </span>
    </p>
   </div>
   <div class='ocr_carea' id='block_1_4' title="bbox 219 4011 1275 4081">
    <p class='ocr_par' dir='ltr' id='par_1_6' title="bbox 219 4011 1275 4081">
     <span class='ocr_line' id='line_1_34' title="bbox 219 4011 1275 4081; baseline 0.001 -16"><span class='ocrx_word' id='word_1_261' title='bbox 219 4013 222 4018; x_wconf 74' lang='grc'>’</span> <span class='ocrx_word' id='word_1_262' title='bbox 332 4011 486 4065; x_wconf 83' lang='lat' dir='ltr'><strong>lustianis“</strong></span> <span class='ocrx_word' id='word_1_263' title='bbox 509 4016 611 4079; x_wconf 86' lang='lat' dir='ltr'><strong>(progr.</strong></span> <span class='ocrx_word' id='word_1_264' title='bbox 630 4013 706 4080; x_wconf 85' lang='grc'>1874)</span> <span class='ocrx_word' id='word_1_265' title='bbox 725 4013 752 4064; x_wconf 83' lang='grc'><strong>61</strong></span> <span class='ocrx_word' id='word_1_266' title='bbox 772 4011 849 4065; x_wconf 82' lang='lat' dir='ltr'><strong>Wirc</strong></span> <span class='ocrx_word' id='word_1_267' title='bbox 867 4011 898 4064; x_wconf 92' lang='lat' dir='ltr'><strong>in</strong></span> <span class='ocrx_word' id='word_1_268' title='bbox 916 4012 1016 4066; x_wconf 86' lang='lat' dir='ltr'><strong>Philol.</strong></span> <span class='ocrx_word' id='word_1_269' title='bbox 1037 4011 1154 4066; x_wconf 89' lang='lat' dir='ltr'>XXXVI</span> <span class='ocrx_word' id='word_1_270' title='bbox 1171 4017 1275 4081; x_wconf 69' lang='grc'>[1627.</span> 
     </span>
    </p>
   </div>
   <div class='ocr_carea' id='block_1_5' title="bbox 404 4098 1247 4597">
    <p class='ocr_par' dir='ltr' id='par_1_7' title="bbox 404 4098 1247 4597">
     <span class='ocr_line' id='line_1_35' title="bbox 404 4098 906 4169; baseline 0.002 -17"><span class='ocrx_word' id='word_1_271' title='bbox 404 4102 431 4169; x_wconf 76' lang='lat'><strong>2)</strong></span> <span class='ocrx_word' id='word_1_272' title='bbox 449 4099 546 4154; x_wconf 88' lang='lat' dir='ltr'><strong>Avien.</strong></span> <span class='ocrx_word' id='word_1_273' title='bbox 568 4098 603 4152; x_wconf 90' lang='lat' dir='ltr'><strong>de</strong></span> <span class='ocrx_word' id='word_1_274' title='bbox 621 4115 679 4152; x_wconf 88' lang='lat' dir='ltr'><strong>ora.</strong></span> <span class='ocrx_word' id='word_1_275' title='bbox 698 4098 790 4155; x_wconf 89' lang='lat' dir='ltr'><strong>marit.</strong></span> <span class='ocrx_word' id='word_1_276' title='bbox 810 4100 847 4155; x_wconf 92' lang='lat' dir='ltr'><strong>IV</strong></span> <span class='ocrx_word' id='word_1_277' title='bbox 859 4107 906 4154; x_wconf 81' lang='lat'><strong>32:</strong></span> 
     </span>
     <span class='ocr_line' id='line_1_36' title="bbox 581 4187 1100 4258; baseline 0.004 -18"><span class='ocrx_word' id='word_1_278' title='bbox 581 4187 793 4257; x_wconf 85' lang='lat' dir='ltr'><strong>‘Interrogasti,</strong></span> <span class='ocrx_word' id='word_1_279' title='bbox 813 4187 837 4241; x_wconf 95' lang='grc'><strong>61</strong></span> <span class='ocrx_word' id='word_1_280' title='bbox 855 4191 946 4258; x_wconf 82' lang='lat' dir='ltr'><strong>tenes,</strong></span> <span class='ocrx_word' id='word_1_281' title='bbox 966 4188 1100 4244; x_wconf 87' lang='lat' dir='ltr'><strong>Maeotici</strong></span> 
     </span>
     <span class='ocr_line' id='line_1_37' title="bbox 581 4275 1178 4346; baseline 0.007 -18"><span class='ocrx_word' id='word_1_282' title='bbox 581 4275 657 4329; x_wconf 89' lang='lat' dir='ltr'><strong>Situs</strong></span> <span class='ocrx_word' id='word_1_283' title='bbox 676 4276 739 4343; x_wconf 85' lang='lat' dir='ltr'><strong>quis</strong></span> <span class='ocrx_word' id='word_1_284' title='bbox 757 4280 833 4332; x_wconf 88' lang='grc'>66661</span> <span class='ocrx_word' id='word_1_285' title='bbox 851 4277 994 4346; x_wconf 88' lang='lat' dir='ltr'><strong>aequoris:</strong></span> <span class='ocrx_word' id='word_1_286' title='bbox 1015 4278 1178 4334; x_wconf 87' lang='lat' dir='ltr'><strong>Sallustium</strong></span> 
     </span>
     <span class='ocr_line' id='line_1_38' title="bbox 580 4364 1247 4434; baseline 0.006 -18"><span class='ocrx_word' id='word_1_287' title='bbox 580 4364 686 4417; x_wconf 89' lang='lat' dir='ltr'><strong>Noram</strong></span> <span class='ocrx_word' id='word_1_288' title='bbox 704 4365 734 4418; x_wconf 90' lang='lat' dir='ltr'><strong>id</strong></span> <span class='ocrx_word' id='word_1_289' title='bbox 753 4365 876 4434; x_wconf 87' lang='lat' dir='ltr'><strong>dedisse,</strong></span> <span class='ocrx_word' id='word_1_290' title='bbox 896 4365 974 4420; x_wconf 89' lang='lat' dir='ltr'><strong>dieta</strong></span> <span class='ocrx_word' id='word_1_291' title='bbox 993 4367 1099 4421; x_wconf 87' lang='lat' dir='ltr'><strong>eteius</strong></span> <span class='ocrx_word' id='word_1_292' title='bbox 1119 4365 1247 4422; x_wconf 84' lang='lat' dir='ltr'><strong>omnibus</strong></span> 
     </span>
     <span class='ocr_line' id='line_1_39' title="bbox 579 4453 1106 4528; baseline 0.006 -22"><span class='ocrx_word' id='word_1_293' title='bbox 579 4453 793 4508; x_wconf 87' lang='lat' dir='ltr'><strong>Praeiudicataa</strong></span> <span class='ocrx_word' id='word_1_294' title='bbox 813 4453 991 4509; x_wconf 86' lang='lat' dir='ltr'><strong>auctoritatis</strong></span> <span class='ocrx_word' id='word_1_295' title='bbox 1011 4455 1106 4528; x_wconf 69' lang='lat' dir='ltr'><strong>ducier</strong></span> 
     </span>
     <span class='ocr_line' id='line_1_40' title="bbox 579 4541 838 4597; baseline 0.004 -2"><span class='ocrx_word' id='word_1_296' title='bbox 579 4542 642 4596; x_wconf 91' lang='lat' dir='ltr'><strong>Non</strong></span> <span class='ocrx_word' id='word_1_297' title='bbox 660 4541 838 4597; x_wconf 86' lang='lat' dir='ltr'><strong>abnuebam.’</strong></span> 
     </span>
    </p>
   </div>
   <div class='ocr_carea' id='block_1_6' title="bbox 0 0 1650 5422">
    <p class='ocr_par' dir='ltr' id='par_1_8' title="bbox 0 0 1650 5422">
     <span class='ocr_line' id='line_1_41' title="bbox 0 0 1650 5422; baseline 0 0"><span class='ocrx_word' id='word_1_298' title='bbox 0 0 1650 5422; x_wconf 95' lang='lat' dir='ltr'><strong> </strong></span> 
     </span>
    </p>
   </div>
  </div>
 </body>
</html>
