3296 5422
841 453 1059 516 „34-

364 615 474 694 parat,
508 611 594 694 quod
631 611 805 675 secundum
837 610 1025 675 Sallustium
1063 633 1136 674 eum
1172 609 1285 674 fecisse
1317 611 1541 697 intellegimus

365 715 483 781 collato
510 716 595 782 Plut.
624 717 704 782 Sert.
731 719 758 781 1.
787 757 828 763 -
856 717 966 781 Etiam
994 718 1033 780 de
1060 721 1222 803 postrema
1250 716 1383 781 Sertorii
1411 718 1479 781 vita
1509 723 1541 780 et

365 822 404 886 de
431 823 651 889 coniuratione
678 824 858 909 Perpernae
885 847 951 888 non
978 825 1124 888 recedere
1153 846 1171 887 a
1194 823 1348 888 Sallustio
1370 823 1541 909 Appianus

365 933 475 996 0113
502 931 582 996 mihi
605 931 739 996 videtur.
784 929 898 1015 Neque
922 931 1007 994 enim
1029 929 1197 1014 Appianus
1219 931 1476 1015 Plutarchusque
1501 932 1541 994 de

364 1038 536 1121 postremis
563 1036 697 1104 Sertorii
728 1039 825 1103 rebus
853 1038 915 1102 sibi
950 1037 1186 1121 contradicunt,
1218 1037 1338 1121 optime
1366 1060 1440 1102 vero
1469 1061 1541 1103 sese

364 1144 527 1228 complent
555 1145 771 1232 coniungique
799 1147 942 1228 possunt.
993 1143 1043 1208 lta
1071 1145 1157 1208 enim
1179 1166 1325 1208 narrasse
1349 1143 1541 1209 Sallustium

364 1254 457 1334 puto:
484 1251 624 1335 primum
651 1251 771 1315 invidia
798 1251 1017 1315 Romanorum
1044 1254 1174 1315 auctore
1201 1250 1363 1334 Perperna
1391 1255 1461 1315 orta
1490 1255 1542 1316 est

364 1357 464 1445 (Plut.
492 1357 572 1423 Sert.
597 1355 669 1444 25),
701 1362 772 1422 tum
804 1380 916 1422 eorum
945 1357 1111 1422 fraudibus
1143 1357 1339 1434 ἀποστάσεις
1365 1357 1541 1442 ἐγίγνοντο

363 1465 418 1530 καὶ
445 1464 583 1552 ταραχαὶ
612 1464 688 1551 περὶ
714 1467 772 1542 τὰς
795 1468 919 1548 πόλεις,
954 1464 1067 1528 deinde
1091 1463 1252 1529 Sertorius
1279 1487 1397 1550 magna
1424 1465 1541 1530 severi-

363 1576 431 1636 tate
455 1573 489 1636 in
511 1572 674 1656 Hispanos
697 1571 924 1635 animadvertit
948 1571 1138 1655 obsidesque
1162 1569 1261 1635 Oscae
1288 1571 1419 1636 habitos
1441 1571 1540 1636 inter·

363 1679 440 1743 fecit
464 1677 562 1767 (Plut.
586 1677 668 1763 App.
691 1677 712 1742 l.
736 1674 785 1763 l.);
813 1678 909 1742 simul
934 1678 1072 1742 mutatio
1097 1700 1215 1764 magna
1240 1700 1367 1742 morum
1389 1678 1540 1763 vitaeque

363 1785 497 1850 Sertorii
530 1785 614 1850 facta
651 1789 700 1850 est
732 1781 855 1873 (App),
878 1807 974 1869 quam
1006 1784 1135 1870 quidem
1168 1789 1298 1849 excusat
1331 1783 1503 1849 Sallustius
1513 1783 1539 1871 1)

363 1891 417 1980 (cf.
440 1892 536 1978 App:
563 1893 767 1977 βλάπτοντος
789 1893 853 1977 ἤδη
880 1899 981 1976 θεοῦ,
1004 1892 1074 1956 0011.
1093 1891 1178 1956 Ρ1111.
1198 1890 1279 1956 Sert.
1301 1887 1373 1976 10),
1401 1891 1539 1976 denique

362 1999 413 2064 his
441 2000 479 2063 de
503 1999 607 2064 causis
631 1998 808 2063 coniuratio
831 1999 917 2062 facta
940 2002 989 2061 est
1011 1997 1190 2082 Perpernae
1213 1998 1421 2081 aliorumque.
1464 1999 1540 2062 Plu-

362 2105 492 2169 tarchus
521 2109 628 2168 autem
656 2127 693 2168 ea
724 2126 806 2187 quae
834 2102 1007 2187 opprobrio
1037 2101 1178 2168 Sertorio
1212 2107 1303 2166 erant
1335 2103 1443 2168 omisit
1475 2106 1539 2169 hoc

362 2212 447 2296 loco,
474 2215 616 2275 attamen
648 2210 726 2273 talia
753 2210 788 2274 in
813 2209 965 2275 Sallustio
998 2232 1032 2274 00
1063 2210 1180 2296 legisse
1210 2214 1348 2275 testatur
1380 2211 1448 2295 ipsc
1481 2215 1539 2276 10:

362 2322 469 2384 καίτοι
497 2320 591 2383 δοκεῖ
615 2315 691 2402 περὶ
719 2319 856 2402 ἔσχατον
884 2317 988 2382 αὐτοῦ
1016 2320 1092 2401 βίον
1116 2317 1281 2401 ὠμότητος
1309 2316 1363 2382 καὶ
1386 2323 1538 2405 βαρυθυ-

345 2428 439 2509 ,prag
456 2425 494 2490 τὸ
512 2423 587 2509 περὶ
605 2427 683 2500 τσὺς
701 2423 848 2509 ὁμήρους
870 2421 1023 2510 πραχθὲν
1045 2426 1144 2509 ἔργον
1167 2423 1325 2502 ἐπιδεῖξαι
1348 2425 1409 2508 τὴν
1431 2427 1538 2510 φύσιν

363 2532 426 2618 oda
449 2527 554 2598 οὖσαν
577 2532 702 2616 ἥμερον
724 2537 793 2596 κτλ.

450 2621 597 2703 Priorem
638 2637 818 2723 Perpernae
861 2637 1114 2701 coniurationem
1156 2659 1231 2701 casu
1273 2637 1431 2702 detectam
1467 2661 1539 2704 esse

362 2747 529 2832 Appianus
548 2769 573 2810 0.
595 2749 658 2811 113
677 2767 777 2829 aeque
795 2749 892 2828 atque
911 2744 985 2809 Sall.
1005 2745 1042 2808 fr.
1061 2743 1108 2808 ΙΠ
1127 2747 1148 2810 2
1167 2749 1200 2808 01
1218 2747 1238 2810 3
1257 2749 1375 2809 narrat.
1411 2745 1538 2810 Deinde
1619 2817 1620 2824 ¹

363 2856 401 2918 de
424 2855 586 2939 Perperna
612 2855 687 2937 post
714 2852 836 2916 cladem
865 2855 959 2935 capto
986 2852 1025 2915 of.
1048 2851 1131 2935 App.
1159 2874 1184 2915 0.
1211 2852 1286 2915 115:
1318 2853 1335 2917 ὁ
1364 2848 1425 2935 μὲν
1448 2857 1537 2939 Περ-

362 2962 484 3039 πέννας
510 2963 575 3028 ὑπὸ
602 2962 722 3050 θάμνῳ
750 2963 833 3036 πόας
860 2959 1028 3045 ἐκρύφθη,
1056 2998 1097 3004 -
1123 2998 1164 3004 -
1196 2962 1354 3042 λαβόντες
1376 2954 1407 3022 d'
1433 2955 1538 3025 αὐτὸν

365 3071 472 3146 ἱππεῖς
504 3063 591 3144 τινὲς
620 3059 732 3132 εἷλκον
762 3066 795 3143 ἐς
822 3069 882 3131 τὸν
910 3067 1089 3150 Πομπήιον
1121 3069 1153 3128 01
1181 3063 1285 3128 Amm.
1309 3065 1406 3128 Marc.
1429 3063 1537 3129 XXV]

363 3178 393 3260 9,
411 3177 446 3241 9:
469 3174 532 3239 ‘Ad
550 3173 667 3238 veteris
685 3173 865 3257 Perpernae
883 3171 1074 3257 exemplum,
1092 3171 1147 3254 qui
1166 3176 1239 3255 post
1259 3171 1437 3235 Sertorium
1451 3171 1537 3235 inter

363 3282 473 3366 epulas
503 3282 730 3345 obtruncatum
753 3280 971 3345 dominatione
994 3278 1169 3363 paullisper
1190 3278 1314 3361 potitus
1337 3301 1356 3340 a
1378 3278 1537 3362 1111100110,

363 3389 420 3452 ubi
438 3388 570 3470 latebat,
592 3391 755 3451 extractus
774 3387 965 3470 oblatusque
984 3383 1138 3468 Pompeio
1162 3383 1230 3448 01110
1253 3384 1342 3448 iussu
1366 3389 1416 3448 est
1438 3384 1536 3448 inter·
1618 3447 1619 3478 ,

362 3494 481 3559 fectus’
514 3516 587 3558 cum
619 3493 693 3558 Sall.
722 3495 759 3557 fr.
791 3492 896 3558 1115:
933 3493 994 3557 ‘Et
1026 3493 1220 3576 Perpernam
1252 3491 1336 3554 forte
1369 3492 1537 3577 cognoscit

252 3687 254 3692 Ι
362 3601 463 3665 11111110
477 3599 689 3684 redemptoris
696 3600 714 3683 '‚
733 3603 867 3683 uterque
882 3599 984 3685 igitur
998 3599 1038 3662 ad
1056 3596 1244 3662 Sallustium
1258 3596 1350 3660 redit.
1387 3597 1536 3682 Denique

363 3709 401 3771 de
438 3707 617 3792 Perpernae
654 3709 758 3770 morte
795 3710 941 3770 accurate
978 3705 1163 3789 conspirant
1194 3703 1278 3767 Plut.
1311 3702 1392 3767 Sert.
1425 3707 1466 3769 27
1500 3709 1536 3768 01

361 3815 473 3898 Pomp.
492 3815 536 3878 20
559 3836 631 3877 cum
654 3812 736 3897 App.
760 3813 878 3877 0115,

450 3919 563 4005 Itaque
591 3919 779 3984 Sallustium
810 3919 934 3983 fontem
965 3919 1026 3982 hac
1053 3940 1179 4002 quoque
1209 3917 1243 3982 in
1271 3920 1363 4000 parte
1393 3920 1534 3981 statuen-
1617 3963 1618 3966 ,

453 4136 479 4202 1)
498 4129 614 4185 Minime
632 4145 698 4184 vero
719 4128 877 4199 putandum
900 4129 944 4182 001
962 4126 1129 4182 Sallustium
1147 4143 1181 4180 ea
1200 4142 1272 4194 quae
1290 4126 1389 4195 iniqua
1407 4128 1532 4183 Sertorio

361 4223 456 4278 essent
483 4219 611 4274 consulto
639 4219 806 4273 omissumm
833 4217 929 4274 fuisse.
971 4217 1099 4285 Namque
1125 4219 1276 4286 postquam
1300 4215 1440 4271 Sertorius
1467 4234 1530 4271 cum

362 4309 542 4368 acerbissimo
560 4309 671 4378 patriae
689 4307 771 4363 hoste
788 4307 955 4362 Mithridate
975 4324 1047 4361 anno
1068 4312 1100 4362 '16
1119 4305 1218 4360 foedus
1236 4304 1317 4374 fecit,
1336 4304 1462 4374 plerique
1480 4323 1530 4375 po-

361 4399 502 4472 pularium
519 4415 584 4453 eum
602 4395 759 4451 deseruisse
778 4396 909 4451 videntur
928 4396 973 4464 (of.
988 4396 1062 4465 App.
1077 4413 1100 4451 0.
1116 4398 1190 4462 11a);
1210 4397 1239 4448 01
1258 4395 1360 4448 abhinc
1379 4394 1530 4448 Sallustius

360 4509 417 4546 non
431 4489 489 4544 iam
503 4487 583 4556 adeo,
601 4488 634 4540 ut
649 4488 742 4555 antea,
761 4484 905 4553 1111011111,
924 4483 973 4553 qui
986 4501 1044 4538 non
1056 4483 1187 4552 princeps
1201 4483 1324 4552 partium
1339 4499 1459 4551 suarum,
1479 4483 1527 4538 sed

360 4579 458 4651 populi
478 4575 598 4632 Romani
616 4575 744 4644 proditor
762 4574 908 4642 hostisque
927 4573 1068 4627 extiterat.
