3296 5422
651 459 845 517 ,7.-

160 622 269 682 menta
292 617 455 681 codicibus
474 620 600 680 servata
619 615 776 702 sagaciter
800 617 1031 702 interpretatus
1050 622 1107 700 est,
1132 616 1166 681 G.
1181 616 1334 702 Linker¹)

162 726 201 789 (16
237 725 342 809 primo
383 723 552 808 praecipue
593 722 802 788 historiarum
842 724 927 788 libro
969 725 1049 788 bene
1091 727 1333 808 commentatus,

161 831 324 916 Wblfflin,
351 831 406 914 qui
434 853 507 894 cum
530 829 621 914 alibi,
648 833 719 894 tum
746 830 780 894 in
808 831 958 896 editionis
981 830 1205 895 Dietschianae
1228 853 1333 895 recen-

161 936 284 1024 sione²)
314 937 352 1001 de
382 937 494 1001 multis
524 937 616 1000 docte
647 936 836 1022 disputavit,
863 937 998 1022 Hauler,
1032 937 1087 1021 qui
1118 960 1221 1021 nuper
1250 961 1333 1002 nova

159 1043 404 1108 Aurelianensia
426 1044 608 1129 fragmenta
631 1047 663 1106 61
686 1043 767 1128 legit
790 1043 952 1128 ediditque
975 1047 1007 1108 61
1031 1044 1214 1110 acutissime
1238 1044 1332 1108 inter-

159 1155 305 1236 pretatus
333 1153 394 1234 est,
426 1150 562 1233 denique
590 1172 686 1233 quem
714 1149 777 1214 iam
805 1150 906 1215 totius
934 1151 1040 1234 operis
1067 1150 1257 1215 restituendi
1281 1173 1333 1214 ne-

160 1257 286 1342 gotium
302 1249 493 1321 ’subiturum
515 1257 720 1321 vehementer
749 1257 958 1341 speravimuS,
981 1257 1140 1322 Henricus
1163 1257 1332 1322 Jordauus.

160 1363 220 1441 Qui
241 1363 279 1426 de
299 1362 413 1426 ceteris
432 1361 576 1426 Sallustii
601 1361 728 1446 scriptis
748 1362 932 1426 iamdudum
951 1363 1071 1447 optime
1090 1363 1224 1428 meritus
1247 1369 1332 1448 post-

160 1493 256 1554 quam
281 1469 378 1534 etiam
402 1469 440 1532 de
464 1469 560 1532 rebus
588 1467 622 1532 in
649 1468 795 1534 historiis
817 1469 956 1534 narratis
984 1492 1020 1534 ac
1048 1470 1087 1534 da
1115 1493 1225 1534 earum
1249 1471 1332 1556 frag-

159 1577 277 1641 mentis
301 1576 393 1640 doote
417 1573 614 1662 disseruitss),
644 1575 707 1640 iam
736 1576 769 1640 in
797 1599 834 1640 eo
863 1580 931 1640 erat
960 1580 996 1640 ut
1023 1577 1063 1640 ad
1091 1600 1207 1642 novam
1234 1577 1333 1642 histo-

158 1683 279 1748 riarum
307 1682 480 1746 editionem
508 1681 684 1767 accederet,
715 1705 787 1746 cum
815 1687 1018 1766 praematura
1045 1684 1208 1768 flebilique
1232 1707 1333 1768 nuper

163 1795 266 1854 morte
289 1790 383 1854 nobis
408 1793 542 1872 ereptus
559 1793 617 1852 est.

247 1896 342 1962 Nunc
366 1896 498 1980 quidem·
518 1895 545 1960 si
570 1895 720 1960 historias
744 1895 913 1960 restituere
933 1897 1141 1982 studebimus,
1165 1897 1332 1962 admonen-

163 2004 239 2067 dum
263 2003 338 2088 erit,
364 2026 405 2068 116
428 2004 609 2088 fragmenta
633 2006 759 2066 tantum
787 2003 977 2088 colligamus
1004 2008 1100 2088 atque
1128 2004 1162 2068 in
1189 2005 1332 2068 ordinem

160 2089 357 2195 redigamus,
387 2109 442 2172 sed
472 2113 509 2172 ut
538 2131 665 2172 omnem
688 2107 833 2172 Sallustii
864 2107 1051 2174 memoriam
1079 2111 1163 2194 apud
1186 2114 1332 2194 posteros

158 2215 331 2299 scriptores
354 2215 552 2279 reconditam
575 2215 805 2300 investigemus
830 2238 866 2280 ac
885 2239 1103 2302 congeramus
1141 2218 1233 2282 Hanc
1256 2218 1332 2282 reci-

156 2323 289 2408 perandi
319 2321 464 2386 Sallustii
494 2321 580 2387 viam
608 2322 745 2406 praeivit
778 2322 816 2386 de
842 2323 1010 2408 Brossius,
1042 2324 1124 2388 hanc
1158 2325 1331 2388 ostendunt

157 2429 300 2515 Scaliger
323 2429 478 2513 Eusebio,
502 2428 656 2494 Suetonio
679 2429 909 2493 Reifferscheid
932 2430 1105 2515 restitutiS,
1129 2432 1211 2496 hanc
1234 2432 1331 2496 6116111

157 2536 374 2600 Wilamowitz
398 2535 432 2600 in
454 2535 561 2599 animo
585 2535 736 2600 hahuisse
759 2536 899 2621 videtur,
922 2559 994 2600 cum
1014 2535 1178 2623 diceret⁴):
1206 2539 1331 2622 „Werm

156 2667 231 2708 man
254 2646 320 2707 erst
349 2643 410 2706 den
432 2642 583 2732 Ephorus
610 2643 675 2724 und
698 2642 858 2728 Timaeos,
882 2641 1097 2731 Apollodorus
1125 2642 1201 2729 περὶ
1228 2651 1330 2727 θεῶν,

156 2750 389 2835 Aristophanes
413 2749 529 2833 λέξεις,
560 2749 619 2813 (116
647 2749 851 2814 Historien
880 2750 945 2813 des
974 2749 1134 2834 Sallust,
1165 2751 1215 2814 die
1239 2749 1329 2815 Anti-

157 2857 303 2941 quitaten
327 2857 382 2920 des
404 2856 508 2921 Varro
536 2856 570 2920 in
594 2856 697 2928 dieser
720 2857 829 2920 Weise
853 2856 1064 2920 inhaltlich
1088 2858 1330 2943 rekonstruiert,

153 2965 242 3028 dann
274 2963 354 3027 wird
386 2963 438 3027 ein
470 2985 569 3027 neues
600 2963 709 3028 Leben
746 2963 779 3028 in
816 2963 866 3026 die
898 2961 1014 3026 Arbeit
1050 2965 1213 3048 kommen,
1250 2965 1330 3028 wird

156 3071 307 3134 manches
326 3069 483 3154 Gespenst
501 3070 697 3156 gescheucht
716 3070 785 3134 sein
803 3070 868 3133 und
888 3070 938 3133 die
957 3069 1042 3133 Ziela
1062 3071 1165 3134 hb'her
1183 3073 1329 3156 gesteckt

156 3177 296 3262 werden,
325 3176 375 3240 die
399 3177 558 3240 Kenntnis
586 3177 620 3241 in
644 3177 694 3240 die
717 3177 829 3240 Tiefen
853 3176 908 3240 der
936 3176 1069 3240 antiken
1092 3177 1328 3242 Wissenschaft

61 3319 64 3326 v
156 3285 292 3370 dringen
319 3284 476 3348 hiinnen.“
521 3285 624 3361 Quare
651 3284 791 3368 primum
820 3283 1047 3368 disceptemus,
1076 3307 1156 3368 quae
1184 3307 1235 3348 res
1264 3308 1327 3370 quo

155 3395 338 3475 temporum
362 3390 472 3455 ordine
495 3391 587 3456 annis
613 3393 751 3456 78-66
780 3391 866 3454 domi
893 3390 1090 3474 militiaeque
1120 3395 1230 3477 gestae
1255 3391 1328 3476 sint,

156 3497 270 3574 deinde
290 3496 449 3580 quomodo
469 3497 640 3562 Sallustius
659 3521 713 3561 eas
733 3497 935 3560 enarraverit.
973 3497 1042 3573 Quo
1062 3497 1145 3561 circa
1164 3497 1198 3561 in
1217 3520 1327 3562 omnes

155 3603 272 3687 quide
301 3601 352 3665 his
379 3603 471 3667 annis
500 3608 635 3689 egerunt
663 3603 835 3687 scriptores
863 3603 1089 3686 inquirendum
1118 3608 1181 3688 est,
1210 3604 1327 3688 quibus

154 3710 300 3774 fontibus
323 3709 372 3774 usi
397 3709 475 3794 sint,
502 3714 572 3774 tum
592 3709 619 3772 >ii
643 3731 753 3772 eorum
781 3708 856 3792 loci,
887 3709 942 3792 qui
966 3731 983 3772 6
1007 3707 1160 3773 Sallustio
1185 3712 1326 3795 excerpti

109 3839 113 3846 ·
154 3817 316 3901 videntur,
339 3815 510 3902 colligendi
535 3820 567 3879 et
591 3815 779 3900 disponendi
803 3819 885 3879 sunt.
931 3815 1001 3892 Quo
1026 3815 1110 3878 facto
1129 3816 1204 3880 huic
1227 3817 1326 3881 histo-

153 3925 274 3988 riarum
293 3922 558 3988 Sallustianarum
581 3923 715 4009 imagini
738 3922 959 4007 breviarioque
982 3921 1228 3988 intermiscenda
1251 3929 1326 3988 sunt

154 4031 255 4115 ipsius
278 4030 388 4115 verba,
418 4052 499 4114 quae
526 4028 656 4094 nomine
683 4029 813 4094 laudato
843 4053 862 4092 6
889 4028 1098 4115 grammatico
1130 4029 1324 4113 scriptoreve

243 4225 269 4294 1)
286 4223 398 4292 Linker,
417 4222 618 4293 „historiarum
635 4220 809 4292 prooemium
828 4222 984 4290 ercliquiis
1003 4222 1152 4277 restituere
1170 4223 1316 4278 tentavit“

154 4312 231 4385 (diss.
242 4312 384 4380 Marhurg.
395 4316 483 4382 1850),
498 4313 601 4366 deinde
615 4311 863 4381 in„Sitaungsber.
879 4312 905 4367 d.
917 4311 1008 4366 Wion.
1019 4311 1129 4367 Acade
1142 4315 1210 4366 1854
1225 4312 1323 4382 (11111).

243 4406 270 4470 a)
289 4400 390 4455 Philol.
410 4402 486 4455 xvir
505 4404 597 4470 (1661)
615 4397 643 4471 p'.
659 4406 718 4457 519.

243 4494 271 4561 3)
288 4490 421 4545 Herm.V
439 4509 467 4560 p.
481 4497 543 4558 396,
556 4489 620 4545 XIV
637 4508 664 4559 p.
679 4495 744 4558 684,
762 4489 819 4544 ind.
839 4490 903 4545 lect.
918 4489 1027 4559 Regim.
1046 4489 1076 4543 in
1094 4491 1157 4546 aest
1179 4495 1257 4545 1887.

243 4584 272 4650 4)
292 4581 471 4652 „Antigonus
489 4597 544 4635 von
562 4579 730 4648 Karystios“
749 4581 842 4650 (1881)
861 4599 888 4649 p.
903 4587 928 4635 ὁ.
